2900 5054
805 345 846 412 18

267 515 321 603 τὴτ
343 511 435 602 ἧτταν
458 516 584 599 ἔμελλον
608 511 881 600 ἀναμαχήσασθαι
923 515 992 578 Pori
1013 513 1388 587 modoAretnsadX1‚4:
1432 551 1435 572 t

231 651 233 666 ¹
267 621 303 688 τὸ
324 626 377 705 τῆς
397 627 487 694 θείας
501 617 747 704 φιλανθρωπίας,
756 614 915 702 σύμβολον
929 616 1043 684 ἔλαιον.
1072 618 1114 682 Ad
1128 619 1177 680 Mt.
1193 617 1279 687 XXV,
1292 615 1388 676 2-4:

268 727 301 790 ei
323 721 355 786 δὲ
377 717 527 806 φρόνιμοι,
542 720 659 806 ἔλαβον
679 718 793 796 staron,
818 720 931 783 tiidaso.
955 729 1050 799 apost.
1071 720 1108 794 ΙΙ,
1134 716 1191 780 13:
1216 715 1251 782 τὸ
1271 721 1324 800 τῆς
1344 715 1390 782 sri-

266 830 371 898 ποιίας
391 825 443 898 (el.
465 820 637 906 εὐσεβείας)
659 824 774 888 ἔλαιον.
819 822 877 883 Sed
901 823 1028 884 maxime
1051 821 1273 900 respiciendum
1298 829 1343 879 est
1356 819 1389 878 orl

268 927 365 1006 ipsius
380 926 499 987 loannis
516 945 602 986 nsum
628 926 678 1004 qni
701 925 712 984 Ι
735 923 835 1004 epil,
859 922 918 985 20:
939 923 1024 1006 ὑμεῖς
1046 925 1088 986 oil
1108 933 1220 1012 χρῖσμα
1241 924 1320 1007 ἔχετε
1335 919 1392 986 ἀπὸ

268 1035 323 1096 τοῦ
345 1029 435 1108 ἁγίου
455 1029 504 1094 καί
527 1025 631 1092 οἴδατε
654 1022 756 1093 πάντα
781 1037 811 1088 et
838 1047 866 1089 v.
889 1026 949 1089 27:
976 1025 1060 1107 ὑμεῖς
1091 1025 1124 1091 τό
1151 1036 1265 1110 χρῖσμα
1288 1018 1307 1088 ίί
1327 1019 1393 1086 ἑλοί-

254 1136 337 1214 'flers
358 1127 412 1194 ἆρ’
436 1126 552 1204 αὐτοῦ,
575 1132 655 1208 μέτει
676 1126 796 1208 insipie
814 1130 865 1192 καί
889 1124 925 1190 οὗ
944 1134 1045 1213 χρείαν
1064 1131 1142 1216 ἔχετε
1162 1133 1214 1192 ἵνα
1236 1151 1282 1200 τις
1305 1122 1392 1192 tiede-

269 1257 325 1322 σαῃ
348 1228 429 1308 ὑμᾶς
451 1226 519 1292 ἀλλ’
542 1227 583 1301 ὥς
605 1227 640 1292 τὸ
664 1227 763 1294 αὐτοῦ
788 1238 900 1316 χρῖσμα
923 1224 1066 1294 διδάσκει
1086 1227 1167 1309 ὑμᾶς
1188 1229 1254 1310 περὶ
1276 1222 1394 1292 πάττων

267 1332 318 1396 καί
340 1330 460 1413 ἀληθές
485 1334 567 1395 ἐστιν
589 1333 640 1396 καὶ
663 1330 719 1396 οὐκ
739 1334 822 1396 ἔστιν
844 1330 969 1412 ψεῦδος.
1014 1335 1079 1410 Quo
1101 1343 1228 1414 utraque
1251 1334 1317 1420 ioco
1340 1353 1393 1396 no-

269 1445 410 1516 guentum
435 1453 501 1496 conr
524 1436 647 1497 veritate
668 1436 875 1510 coniunctum,
899 1455 966 1498 nom
989 1438 1098 1499 veritas
1122 1438 1171 1499 lux
1197 1446 1242 1498 est
1265 1447 1296 1500 el
1314 1439 1394 1498 flom-

268 1557 314 1598 ma
343 1537 409 1597 oleo
432 1537 604 1598 sustinetur.
651 1537 728 1598 Dicit
752 1557 822 1598 vero
846 1537 990 1612 chrisma,
1022 1556 1081 1599 non
1105 1538 1220 1612 oieom,
1244 1547 1277 1601 ut
1302 1540 1395 1600 diser-

268 1641 327 1701 tius
351 1638 387 1699 od
412 1637 561 1698 Christum
593 1639 703 1699 scierat
723 1639 790 1700 oleo
822 1640 872 1700 iilo
900 1648 1038 1714 unctum,
1070 1649 1100 1700 et
1127 1659 1193 1701 com
1217 1640 1394 1702 Christianis

268 1742 440 1803 unctionem
463 1741 543 1802 iliam
567 1741 845 1803 communicantem.
893 1747 936 1804 Ψ.
960 1741 1016 1814 CV,
1041 1740 1089 1804 lit.
1112 1753 1237 1804 mma:
1260 1754 1333 1804 trin
1355 1738 1394 1802 bn

269 1855 346 1907 mna
360 1840 402 1906 bn
426 1838 555 1904 ennesii.
594 1843 650 1904 Ubi
666 1844 842 1922 patriarchis
858 1825 1067 1923 prophetorum
1092 1855 1309 1924 unctorumque
1330 1843 1392 1917 (0':

268 1951 329 2011 τῶν
349 1949 480 2029 χριστῶν
500 1947 576 2025 μου)
606 1947 728 2006 nomina
750 1947 921 2008 tribuuntur
944 1963 1012 2008 cnm
1037 1946 1145 2025 spirim
1165 1947 1342 2026 prophetico
1364 1965 1397 2006 cx

269 2068 328 2128 quo
350 2047 501 2108 veritatem
531 2046 661 2107 confessi
691 2055 760 2107 snnt
788 2055 817 2108 ct
845 2046 1091 2125 praedicaverunt
1120 2048 1200 2108 ancli
1224 2046 1337 2108 inerint
1362 2047 1397 2108 ci.

269 2154 343 2215 Gen.
366 2153 427 2225 XX,
451 2150 480 2213 7.
525 2151 568 2212 Ad
584 2151 641 2211 olei
666 2151 912 2228 significationem
934 2149 1102 2224 loannem,
1126 2151 1260 2230 proxime
1283 2151 1399 2214 accedit

268 2254 363 2315 Philo.
408 2253 442 2313 ln
465 2271 513 2330 op.
537 2254 657 2313 Armen.
682 2254 718 2313 ad
748 2253 841 2314 Exod.
862 2253 982 2328 xxvii,
1005 2252 1048 2314 20
1071 2273 1116 2334 sq.
1143 2249 1325 2336 λαβέτωσαν
1350 2279 1399 2319 σοι

268 2357 371 2421 iiator
399 2356 430 2430 ἐξ
455 2353 563 2418 ἐλαίαν
593 2350 725 2435 ἄτρυγον
750 2353 895 2435 καθαρὸν
924 2357 1108 2436 κεκομμένον
1129 2357 1172 2428 εἰς
1193 2357 1256 2431 φῶς
1283 2356 1400 2418 καῦσαι

267 2463 321 2523 ἵνα
337 2461 460 2538 καίηται
480 2449 589 2539 λίχνος
611 2451 779 2529 διαπαντὸς
801 2458 833 2519 ἐν
854 2458 892 2546 τῇ
910 2458 1007 2549 σκηνῇ
1021 2457 1082 2519 cori
1101 2459 1269 2536 μαρτυρίου
1287 2453 1328 2516 ita
1350 2473 1399 2516 ex-

268 2563 353 2642 ponit
376 2561 452 2639 opud
475 2560 643 2621 Auahcrnm
675 2578 702 2637 p.
727 2556 790 2618 534
813 2579 874 2638 sq.:
905 2559 1037 2618 Alienum
1066 2563 1216 2635 quispam
1241 2562 1399 2616 nonorrlt·

267 2671 348 2725 navit
377 2675 408 2721 nt
430 2668 629 2722 admoneretur
650 2666 681 2719 in
711 2671 828 2729 soncta‚·
859 2664 993 2736 qnoniam
1016 2664 1241 2734 olienipenoram
1264 2661 1399 2734 olfactio-

266 2789 329 2827 nem
349 2787 385 2824 ear
407 2784 527 2831 sesamo,
550 2767 663 2837 dactylo
685 2783 810 2838 neceque
831 2781 865 2822 ac
887 2764 1029 2822 similibus
1053 2764 1179 2820 alienam
1204 2764 1400 2820 eaistimooit:

267 2875 416 2946 familiare
438 2887 504 2943 erpo
526 2879 552 2927 et
571 2872 722 2944 proprium
746 2872 837 2928 oleam
859 2878 901 2928 est
923 2886 959 2925 en
974 2869 1062 2925 olicis
1082 2875 1113 2923 nl
1137 2875 1163 2922 et
1182 2883 1283 2922 nomen
1307 2869 1400 2940 ipsam

267 2977 394 3040 indicam
418 2991 504 3046 saper
527 2975 601 3030 enim
623 2991 718 3030 omnes
735 2975 846 3046 species
867 2973 924 3029 olei
937 2986 1037 3026 nomen
1052 2970 1283 3043 appellatnrper
1308 2980 1401 3028 trans·

269 3079 405 3133 lationem
428 3092 463 3131 eo
490 3077 569 3132 oliva
598 3092 671 3147 qaae
696 3077 734 3129 ael
758 3076 907 3129 veritatem
934 3072 1044 3128 acaerlil
1071 3073 1223 3128 ceraaiwr.
1266 3071 1401 3130 Secundo

268 3178 380 3234 relicua
413 3178 507 3231 omnia
537 3177 734 3230 comminatione
763 3175 887 3232 aliorum
914 3177 1042 3238 studiose
1058 3184 1212 3248 osurpoto
1233 3177 1403 3249 retenentur

270 3280 307 3333 ael
328 3293 416 3348 penas
436 3278 502 3342 olei,
525 3278 617 3335 olinae
638 3287 777 3350 nero'per
799 3295 830 3333 se
841 3281 990 3351 privatim,
1011 3296 1078 3337 nam
1097 3282 1189 3338 oleam
1209 3282 1340 3340 distillat
1360 3301 1404 3340 es·

266 3399 413 3455 pressam,-
442 3383 517 3438 sicat
540 3391 566 3438 et
587 3384 656 3439 aitis
678 3383 789 3455 sanctos
813 3385 875 3440 sine
903 3384 1031 3441 mintnra
1053 3385 1153 3456 aliqua
1177 3385 1275 3441 ninam
1298 3387 1404 3460 efficit.
1432 3423 1433 3432 .

268 3481 354 3556 Quod
375 3489 461 3542 notes
485 3482 521 3542 od
547 3483 787 3544 coniunctionem
810 3482 915 3548 ἐλαίου
936 3491 965 3544 et
984 3482 1080 3546 σίτου.
1126 3481 1229 3543 Paullo
1250 3491 1340 3561 post:
1368 3490 1406 3544 lo·

266 3603 330 3641 men
354 3595 395 3642 est
421 3588 568 3658 sapientia
585 3605 640 3659 per
660 3604 744 3661 paam
764 3590 861 3646 omnia
885 3597 1042 3646 nascantur
1064 3605 1212 3663 quaequae
1237 3591 1268 3646 in
1291 3599 1406 3648 natare

268 3696 342 3751 sont,
367 3689 458 3744 olenm
481 3697 575 3744 antem
595 3691 719 3746 materia
743 3697 785 3745 est
816 3697 842 3745 et
870 3699 1031 3762 apparatas
1053 3691 1226 3762 sapientiae.
1269 3689 1355 3750 Item
1378 3691 1407 3750 in

269 3785 378 3848 GeneS.
401 3805 432 3866 p.
453 3783 534 3848 ⁴239:
572 3791 610 3847 El
640 3792 718 3848 olion
744 3807 856 3864 semper
879 3793 1002 3863 cirpinis
1023 3795 1155 3865 pariaris
1186 3797 1332 3852 essentiae
1366 3805 1407 3854 est

268 3907 352 3966 ροοτα
374 3893 492 3948 sortitas
516 3900 558 3948 est
579 3894 680 3964 plotas
699 3893 922 3960 inenarrabilis3
954 3895 1046 3951 oleam
1068 3898 1141 3952 enim
1168 3897 1284 3953 laminis
1307 3910 1407 3957 mate-

267 3996 316 4049 ria
337 4003 392 4050 est.-
416 3995 525 4050 coelam
547 4003 640 4052 entem
660 3997 824 4068 splendoris
846 3995 967 4068 piperem
988 3999 1063 4069 perit
1092 3999 1123 4054 in
1145 4015 1198 4072 pso
1225 4006 1251 4054 et
1279 3999 1406 4058 lucidae

267 4095 369 4152 stellae
391 4102 465 4152 sant.
508 4092 602 4155 Porro
616 4094 693 4155 oliva
711 4093 804 4156 lsrael
826 4095 875 4157 Os.
887 4094 962 4169 XIV,
985 4095 1014 4158 7.
1037 4097 1096 4160 Jer.
1114 4098 1163 4172 xi,
1189 4097 1238 4160 16.
1262 4099 1314 4183 (ψ.
1336 4101 1404 4174 nn,

269 4188 333 4268 10.)
357 4193 411 4256 no.
433 4193 488 4256 Xi:
520 4190 724 4270 ααλλιίλατος.
769 4196 828 4270 (ct.
854 4194 975 4258 Beidivi
1006 4197 1041 4259 sd
1065 4215 1126 4260 sur.
1153 4197 1203 4273 95,
1229 4197 1274 4273 l.)
1321 4199 1404 4262 Item

266 4291 335 4353 ritis
358 4293 452 4355 israel
475 4295 512 4356 de
536 4315 593 4375 quo
618 4315 651 4358 re
674 4298 751 4359 inira
772 4299 808 4360 ad
833 4318 858 4361 c.
881 4281 954 4364 xiv.
1000 4300 1106 4362 Oleum
1136 4311 1165 4364 et
1193 4301 1296 4364 vinum
1320 4302 1358 4366 h.
1385 4303 1404 4365 i.

266 4393 413 4476 imagines
435 4405 505 4460 sunt
525 4398 647 4464 Israelis
669 4401 756 4478 novi,
781 4401 927 4468 ecciesiae
950 4399 1138 4470 christianes.
1181 4401 1309 4468 labetur
1341 4405 1403 4487 igi·
