2900 5054
160 1103 229 1179 llnit
253 1128 369 1196 tempus
390 1137 456 1179 cum
480 1135 517 1178 ne
540 1117 685 1196 suspicari
709 1116 830 1196 quidem
847 1105 1022 1180 videbantur
1044 1119 1185 1200 theologi,

58 1237 126 1280 esse
149 1219 334 1298 prophetiam
352 1221 471 1298 praeter
491 1221 657 1280 futurarum
678 1235 778 1279 rerum
799 1219 1044 1297 praedictionem.
1089 1226 1186 1298 Quare

57 1321 184 1381 maxime
206 1320 356 1380 Celovitrm
380 1320 548 1382 invenimus
571 1331 672 1380 contra
695 1320 863 1382 Grotianam
886 1324 1070 1402 apocalypsis
1092 1327 1186 1405 expli-

57 1422 204 1484 cationem
228 1421 266 1480 ita
290 1421 489 1500 disputavisse
514 1429 545 1481 ut
559 1421 713 1495 loannem,
736 1433 895 1500 propterea
914 1426 992 1502 quod
1016 1429 1186 1505 prophetias

55 1524 216 1596 scriberet,
241 1524 391 1584 derebus
414 1531 480 1583 ante
508 1523 581 1584 actis
603 1523 684 1602 loqui
708 1533 838 1600 negaret.
884 1525 976 1586 Prava
992 1545 1062 1588 vero
1085 1527 1133 1589 illa
1149 1531 1185 1591 de

55 1627 259 1706 prophetismo
289 1628 436 1687 sententia
467 1628 496 1687 in
519 1627 641 1691 loannis
670 1625 747 1688 libro
771 1628 885 1708 siquis
914 1629 991 1692 alius
1011 1635 1186 1712 prophetico

57 1730 150 1791 multa
175 1730 313 1791 turbavit.
358 1731 495 1790 Proiecto
518 1737 615 1790 vatum
633 1730 757 1790 nomine
777 1731 807 1791 in
831 1732 951 1810 scriptis
974 1734 1085 1807 sacriS,
1110 1737 1186 1798 adeo

56 1833 215 1895 manifesto
238 1841 271 1893 ut
295 1833 460 1911 suppudeat
483 1841 735 1904 commonstrare,
763 1832 900 1894 homines
922 1833 969 1894 dei
992 1853 1051 1896 non
1075 1855 1185 1898 ornan·

57 1945 106 1999 tur
130 1936 197 2016 quia
229 1936 325 1996 lutura
351 1935 523 2014 praedicunt
545 1934 596 1994 sed
620 1935 699 2013 quod
722 1934 877 2012 profantur
908 1933 1016 1996 rlivina.
1062 1937 1104 1997 lle
1129 1955 1185 2017 qun

54 2041 177 2103 notione
205 2059 263 2101 non
294 2041 401 2100 dosunt
431 2048 567 2099 veterum
600 2037 830 2099 christianorum
862 2038 1030 2099 testimonia
1060 2059 1185 2119 quorum

57 2141 234 2224 quibusdam
264 2141 358 2202 allatis
389 2140 598 2220 comprobem,
631 2140 667 2200 ad
698 2139 892 2217 praeteritum
922 2157 1040 2218 quoque
1069 2147 1186 2218 tempus

56 2243 242 2326 prophetiam
268 2244 431 2321 respicere.
475 2242 516 2302 lta
547 2242 626 2302 enim
649 2242 755 2320 incipit
775 2241 892 2320 primus
907 2239 983 2301 liber
999 2240 1185 2302 oraculorum

55 2347 286 2426 Sibyllinorum:
311 2343 469 2430 Ἀρχομὲνη
483 2339 604 2426 πρώτης
617 2348 720 2430 γενεῆς
732 2340 872 2424 μερόπων
889 2339 1069 2424 ἀνθρώπων
1082 2343 1187 2430 ’Ἁχμις

56 2445 103 2512 ἐπ’
127 2449 284 2535 ε’σχοτίησν
307 2440 506 2527 προφητεύσει)
518 2443 556 2506 τὰ
577 2448 691 2508 ἕκαστα
701 2441 846 2508 ‘Ouedra
861 2445 930 2528 πρὶν
949 2448 1080 2527 μέμονεν,
1103 2444 1187 2514 πόσα

55 2545 181 2624 δ’ἐστὶν,
210 2543 330 2613 ὁπόσσα
361 2544 395 2610 dl
417 2544 520 2627 μέλλει
538 2541 712 2612 ’Ἑσσεσθαν
740 2545 844 2629 κόσμῳ
874 2543 927 2612 διὰ
950 2545 1113 2631 δυσσεβίας
1135 2549 1187 2616 οἷν-

55 2647 200 2732 ardeat.
246 2651 521 2712 desciscentem
545 2649 615 2710 libri
639 2651 715 2711 tertii
733 2650 842 2730 Sibylla
866 2650 938 2712 dicit
962 2652 1026 2712 lore
1050 2661 1096 2725 tit,
1118 2671 1185 2716 cunt

57 2753 156 2816 omnia
182 2753 352 2825 evenerint,
379 2771 437 2812 non
460 2751 587 2830 amplius
611 2771 674 2812 eam
700 2755 887 2832 μαινομένην
913 2754 1074 2833 appellent,
1107 2759 1188 2819 Θεοῦ

55 2851 190 2939 μεγάλην
215 2852 250 2918 δὲ
279 2856 446 2936 προφῆτιν.
491 2853 592 2930 Pergit
622 2862 736 2914 autem:
758 2843 815 2926 ’Ός
840 2850 898 2936 γὰρ
927 2855 993 2934 ἐμοὶ
1015 2852 1188 2939 δήλωσενᾶ

56 2962 130 3043 πρὶν
158 2961 328 3044 perscriptam
357 2958 476 3036 ἐμοῖσιν
496 2947 599 3018 Ὅσσο
628 2979 659 3018 τε
687 2953 782 3034 πρῶτ’
811 2954 950 3034 lydi-orco
973 2951 1010 3026 cri
1035 2977 1087 3035 μοι
1108 2955 1189 3030 θεὸς

55 3059 247 3142 ἐγκατέλεξε·
294 3065 366 3125 Τῶν
394 3062 552 3142 μετέπειτα
584 3055 619 3122 dl
651 3052 753 3123 πάντα
786 3051 864 3128 Θεὸς
893 3059 952 3137 req]
981 3058 1188 3139 ἐγκατέθηνεν

56 3159 144 3230 llere
169 3159 370 3248 προφητεύειν
399 3185 435 3243 με
466 3157 505 3226 τά
532 3159 558 3225 τ’
581 3156 730 3241 deodiceret
756 3155 818 3240 πρὸ
848 3154 874 3220 τ’
896 3154 996 3223 ἰόντα.
1041 3158 1187 3222 Clemeni.

56 3269 137 3328 liotn.
154 3265 196 3341 ll,
212 3265 247 3326 6:
270 3262 427 3347 προφήτης
450 3259 483 3326 δὲ
505 3260 658 3345 ἀληθείας
679 3260 759 3324 ἐστὶν
781 3255 943 3323 ὁπᾶιτοτο
964 3253 1067 3324 πάντα
1089 3257 1186 3334 εἰδώς,

56 3365 164 3449 τὰμὲν
185 3363 335 3444 γεγονότα
359 3363 399 3439 ὠς
419 3361 556 3442 ἐγένετο,
582 3362 620 3427 τὰ
640 3360 674 3426 dl
704 3356 846 3446 percipere
870 3361 911 3435 ὡς
930 3367 1064 3440 γίνεται,
1094 3362 1133 3426 τὰ
1154 3363 1188 3428 δὲ

55 3462 186 3547 ἐσόμενα
208 3466 248 3541 ὡς
270 3468 366 3530 ἔσται.
388 3466 418 3546 §.
440 3464 489 3525 lll.
512 3468 539 3526 el
561 3459 722 3543 προφήτης
739 3463 836 3536 ἐστὶν,
857 3466 908 3526 καὶ
931 3459 1060 3529 δύναται
1074 3463 1188 3531 εἰδέναι

58 3570 100 3646 ὥς
122 3573 237 3655 ἐγένετο
256 3567 272 3633 ὃ
296 3567 447 3650 νόομος*)
467 3569 517 3629 κοί
532 3563 569 3631 τὰ
591 3567 623 3630 ἐν
646 3560 728 3646 αὐτῷ
743 3555 884 3647 γινόμενά
901 3563 951 3627 aul
974 3562 1010 3626 rel
1037 3567 1080 3638 εἰς
1101 3565 1190 3638 τέλος

162 3737 190 3804 ⁸)
214 3739 346 3789 Comment.
376 3739 399 3787 in
425 3737 530 3802 psalmos
589 3736 678 3786 lecobo
706 3734 776 3784 leret
802 3732 831 3783 de
856 3733 959 3783 Valentia
985 3734 1189 3798 Gbristopolitano

58 3825 175 3890 episcopo
202 3822 297 3871 ordinis
318 3823 451 3884 Augustini.
481 3821 588 3883 Lttgduui
609 3821 683 3872 1514.
705 3818 747 3868 lol.
767 3819 792 3878 ll,
812 3821 844 3880 33
861 3819 961 3883 'priato
987 3817 1136 3882 diffinitur·
1153 3823 1190 3871 oli

57 3906 225 3972 Aaruettao
236 3906 314 3970 quod
323 3907 476 3970 prophetin
488 3907 532 3957 eat
543 3906 646 3957 diotae
660 3903 804 3955 revelatio
814 3915 912 3954 eorum
924 3915 998 3967 quire
1005 3905 1109 3966 procat
1121 3909 1190 3956 rant

59 3992 97 4043 ab
117 3992 244 4041 lornano
263 3991 384 4041 intuita.
420 3991 460 4042 ut
477 3991 522 4041 eie·
539 3991 693 4054 prophetia
710 3989 794 4054 tarro
818 3989 901 4038 morto
919 3990 1048 4039 sumitur
1067 3993 1192 4052 eoquod

58 4077 151 4130 ambit
169 4077 230 4127 tom
254 4073 525 4141 praeteritotorum
550 4075 657 4141 saturo
681 4078 709 4128 et
727 4077 827 4126 omnic
846 4085 920 4140 quoe
938 4079 1007 4127 auat
1027 4089 1118 4142 siepra
1137 4078 1189 4128 liu-

58 4175 176 4216 manunt
199 4161 433 4229 inteliipentiam.
468 4161 497 4212 tu
521 4163 552 4223 V,
575 4165 608 4213 4:
632 4159 668 4214 Et
690 4163 749 4214 isto
771 4163 852 4213 modo
877 4175 935 4212 non
960 4163 1053 4213 solam
1076 4164 1191 4223 Eronos

58 4249 133 4315 prtia
155 4247 307 4313 praedicit
332 4248 455 4314 rmore,
479 4249 628 4299 diceretur
650 4248 790 4312 proptera
815 4250 867 4318 aed
891 4247 980 4299 etium
1004 4247 1118 4307 Moyses
1141 4249 1192 4312 qvi

59 4333 256 4386 annunciavit
274 4333 467 4397 praeteritam
484 4333 660 4384 mentionem
676 4331 777 4383 mundi
794 4333 823 4383 et
840 4331 930 4382 ettam
949 4327 1192 4384 unitatemuatm

59 4417 109 4472 eet
126 4419 156 4472 et
173 4417 270 4471 aeuus
289 4427 365 4482 osee
381 4419 451 4472 caat
467 4427 559 4482 cupra
576 4414 733 4472 numanam
748 4415 934 4484 facultatem.

1039 4499 1055 4562 l
