2900 5054
814 351 860 437 do

234 559 238 567 ·
278 528 339 612 γὰρ
360 531 423 596 ἐκεῖ
441 519 635 610 σφάττειν
662 525 798 612 ἐτόλμων
825 525 897 598 addi
923 535 955 598 ἔν
983 526 1083 617 τούτῳ
1101 528 1261 613 δοκοῦντες
1284 535 1400 622 ἀσεβεῖν
1436 563 1437 576 ’

278 635 328 712 (Α.
351 633 413 706 llll,
434 632 464 706 Β,
488 631 544 713 5.).
590 633 704 696 Exinde
726 636 837 698 multos
868 637 919 716 qni
942 636 1135 700 circulatores
1166 639 1398 722 impostoresque

278 736 309 796 iu
332 734 482 795 desertum
505 735 600 798 secuti
622 744 706 796 erant
730 746 762 798 ut
787 737 920 817 prodigia
944 738 1044 800 divina
1068 738 1221 813 viderent,
1248 741 1333 802 Felix
1356 762 1398 803 re-

277 847 386 900 tractos
416 837 562 918 supplicio
590 839 699 903 allecit.
748 839 862 902 Eodem
892 850 1027 919 tempore
1056 860 1092 922 en
1121 842 1158 903 iis
1190 843 1241 922 qui
1269 843 1397 924 Aegyptii

277 941 432 1004 cuiusdam
460 950 533 1002 nutu
563 941 739 1004 Jerusalemi
777 962 877 1006 muros
907 953 1080 1008 corruturos
1119 965 1187 1008 esse
1217 958 1399 1027 expectarent

277 1043 487 1127 quadringenti
518 1062 534 1104 a
560 1041 705 1106 militibus
727 1045 869 1108 Romanis
897 1047 1048 1108 interiecti
1079 1055 1165 1109 sunt.
1208 1049 1337 1110 Rursum
1361 1051 1398 1110 la-

276 1156 378 1208 trones
400 1144 541 1223 populum
560 1143 596 1204 ad
617 1144 728 1206 bellum
745 1156 847 1208 contra
864 1145 1013 1210 Romanos
1033 1149 1220 1210 concitabant
1235 1159 1264 1211 et
1285 1153 1398 1213 dissen-

275 1247 412 1310 tientium
433 1247 515 1308 vicos
537 1247 738 1309 incendebant
761 1247 999 1330 diripiebantque
1021 1247 1064 1331 (§.
1080 1245 1135 1332 6.).
1180 1250 1338 1314 Praeterea
1356 1251 1398 1312 lo-

275 1352 357 1413 daeis
381 1349 555 1413 Caesaream
586 1349 786 1413 incolentibus
815 1351 995 1430 sanguineae
1023 1359 1106 1412 erant
1136 1371 1202 1413 cum
1225 1352 1309 1432 Syris
1332 1372 1397 1414 eon-

274 1453 439 1518 troversiae
467 1452 503 1514 de
522 1453 638 1516 civitate
667 1474 702 1516 ex
733 1473 828 1534 aequo
858 1454 914 1516 sibi
947 1453 1049 1515 debito
1072 1451 1115 1535 (s.
1140 1453 1169 1516 7.
1191 1453 1247 1534 9.).
1290 1454 1398 1516 interea

275 1579 342 1624 oum
372 1558 524 1620 dissensio
554 1566 620 1618 nata
651 1565 732 1618 esset
759 1554 836 1618 inter
865 1555 1021 1636 pontifices
1050 1565 1079 1617 et
1110 1555 1282 1619 sacerdotes
1310 1565 1340 1618 et
1360 1556 1397 1618 illi

275 1679 379 1722 servos
402 1655 438 1720 ad
469 1675 553 1719 areas
584 1659 738 1719 mitterent
768 1657 898 1720 decimas
927 1653 1134 1720 sacerdotibus
1164 1654 1278 1719 debitas
1301 1677 1397 1720 surre-

272 1768 387 1842 pturos,
411 1758 460 1840 qui
484 1778 520 1820 ex
543 1759 602 1820 illis
625 1759 730 1837 inopes
753 1768 838 1821 erant
853 1779 923 1839 prae
943 1759 1068 1838 penuria
1090 1759 1270 1821 interierunt
1293 1763 1333 1835 (s.
1350 1759 1396 1834 9.).

271 1865 344 1929 Post
366 1863 497 1926 Felicem
518 1881 588 1924 vero
619 1882 686 1925 cum
708 1863 834 1926 Porcius
856 1861 965 1944 Festus
985 1882 1003 1924 a
1025 1852 1143 1923 Nerone
1174 1862 1286 1924 missus
1311 1863 1396 1923 adve-

271 1967 367 2028 nisset
390 1983 467 2026 anuo
491 1962 531 2025 60
555 1964 690 2040 (Wiesel.
710 1983 740 2044 p.
760 1961 846 2040 92),
878 1965 983 2026 iudaea
1012 1983 1029 2026 a
1052 1963 1218 2026 latronibus
1238 1964 1397 2025 vexabatur

272 2069 321 2150 qui
337 2085 441 2130 ornnes
463 2075 496 2127 ut
521 2067 628 2127 iterum
652 2065 724 2127 dicit
745 2063 893 2146 Iosephus
915 2066 998 2128 vicos
1011 2064 1209 2127 incendebant
1231 2073 1260 2125 et
1275 2064 1397 2144 diripie·

269 2171 349 2234 haut.
394 2167 430 2231 m
452 2168 551 2230 sicarii
571 2176 642 2230 tunc
662 2167 788 2230 maxime
810 2167 847 2229 ad
871 2184 1008 2248 magnum
1030 2183 1186 2228 numerum
1208 2171 1397 2227 excreverant

270 2271 321 2354 qui
344 2279 372 2333 et
394 2269 478 2332 lestis
501 2268 607 2331 diebus
630 2269 733 2330 turbae
755 2269 891 2349 permisti
916 2278 1061 2352 quotquot
1087 2269 1245 2331 voluerunt
1267 2269 1397 2331 trucida-

267 2373 338 2435 bant
360 2379 389 2434 et
410 2371 493 2432 vicos
514 2379 544 2432 et
566 2370 624 2451 ipsi
647 2371 826 2451 diripiebant
847 2355 998 2434 incensos.
1042 2374 1084 2434 Ae
1101 2371 1311 2451 praestigiator
1331 2373 1396 2452 qui-

270 2477 337 2538 dam
359 2494 426 2537 cum
449 2474 577 2555 popello,
598 2494 687 2554 quem
710 2474 854 2538 malorum
868 2473 1044 2538 cessationis
1068 2492 1121 2552 spe
1144 2474 1327 2536 inescaverat
1350 2476 1390 2535 in·

268 2601 329 2664 que·
356 2583 508 2644 desertum
536 2579 685 2653 eduxerat,
709 2578 853 2640 militibus
882 2577 1026 2640 immissis
1049 2577 1224 2639 interiectus
1245 2585 1293 2638 est
1323 2577 1395 2650 (los.

266 2684 286 2747 l.
305 2684 326 2756 l,
349 2686 377 2754 δ.
399 2680 475 2758 10.).
520 2681 645 2743 Albinus
668 2701 758 2761 quem
788 2681 916 2761 primurn
944 2683 1021 2742 sesto
1044 2681 1304 2744 tabernaculorum
1327 2682 1395 2743 anni

266 2785 308 2848 62
337 2803 541 2848 successorem
574 2785 657 2847 Festi
685 2784 853 2847 invenimus
882 2783 988 2860 (Wies.
1009 2804 1039 2863 p.
1063 2781 1105 2845 89
1122 2783 1183 2866 sq.)
1223 2801 1395 2864 quanquam

264 2887 485 2951 multitudinem
506 2887 681 2951 sicariorum
704 2888 941 2951 interficiendam
965 2887 1086 2962 curavit,
1110 2898 1207 2950 tamen
1229 2887 1279 2949 isti
1297 2887 1395 2950 bomi-

266 3009 320 3054 ues
336 2999 530 3054 accreverunt
551 3009 685 3072 novaque
709 2992 823 3054 scelera
844 2999 1055 3072 perpetrarunt
1079 2992 1133 3066 (ih.
1153 2991 1182 3066 9,
1205 2989 1236 3053 2.
1253 2992 1312 3070 3.).
1335 2993 1395 3055 lte-

264 3111 331 3157 rum
355 3093 526 3158 sacerdotes
550 3093 673 3154 decimis
697 3092 800 3155 eodem
824 3090 912 3154 modo
942 3091 1053 3175 ereptis
1076 3095 1135 3157 cibi
1156 3093 1256 3176 iuopia
1280 3097 1395 3159 morie-

263 3196 372 3272 bantur
392 3195 440 3271 (9.
462 3190 521 3270 2.).
565 3193 627 3254 Sub
649 3194 736 3254 ficem
760 3194 889 3276 denique
913 3197 1102 3276 magistratus
1116 3195 1240 3258 Albinus
1263 3214 1318 3260 eos
1344 3199 1396 3278 qui

262 3293 420 3356 mauilesto
438 3311 544 3355 necem
566 3307 792 3373 promeruerant
811 3291 909 3358 occidi
928 3297 1034 3372 iussit,
1066 3299 1235 3379 quicunque
1254 3317 1329 3361 vero
1360 3303 1396 3362 de

261 3395 373 3458 leviore
393 3395 517 3476 quadam
540 3415 628 3458 causa
645 3397 677 3458 in
700 3416 852 3460 carcerem
869 3397 995 3460 coniecti
1013 3408 1106 3472 eraut,
1130 3418 1183 3460 eos
1199 3407 1322 3477 accepta
1341 3419 1382 3479 pe

261 3497 347 3560 cunia
370 3497 501 3561 dimisit:
525 3506 612 3578 atque
635 3500 674 3560 ita
697 3519 800 3563 carcer
824 3501 944 3582 quidem
966 3501 1072 3564 vinctis
1094 3509 1236 3582 purgatus
1260 3513 1318 3578 est,
1345 3523 1397 3566 re-

260 3599 309 3678 gio
330 3616 400 3660 vero
423 3600 535 3680 repleta
557 3601 722 3664 latronibus
745 3612 777 3664 ut
797 3603 943 3685 Iosephus
959 3606 998 3669 ait
1020 3611 1064 3682 (9.
1080 3603 1126 3686 5.)
1169 3606 1230 3668 lam
1252 3626 1327 3668 vero
1347 3609 1397 3671 his

259 3698 358 3778 paullo
383 3700 550 3763 accuratius
573 3699 668 3763 allatis
697 3703 794 3781 palam
818 3713 864 3767 est
886 3724 945 3785 quo
975 3706 1041 3770 iure
1068 3707 1167 3770 omnia
1198 3709 1249 3770 illa
1280 3721 1396 3790 quarto

260 3799 353 3881 equiti
376 3801 427 3880 qui
449 3819 530 3863 mors
556 3811 601 3864 est
624 3803 732 3865 tributa
756 3805 825 3888 sint.

362 3902 507 3975 Quattuor
528 3900 558 3961 hi
583 3903 698 3982 equites
721 3903 812 3983 (quos
834 3904 954 3968 Alcasar
975 3908 1013 3970 ad
1035 3907 1167 3988 singulas
1181 3911 1328 3991 quasdam
1358 3915 1396 3977 il-

257 4000 316 4062 lius
347 4001 491 4078 temporis
517 4018 565 4063 res
594 4011 693 4081 gestas
724 4023 784 4068 nou
814 4007 957 4090 applicat>
986 4029 1003 4071 a
1032 4007 1120 4092 Viega
1149 4012 1324 4075 referuntur
1357 4015 1395 4078 ad

256 4101 408 4176 augustias
431 4100 487 4162 sub
511 4098 643 4180 Caligula
668 4105 785 4168 Nerone
815 4109 883 4170 Tito
906 4105 1082 4178 Domitiano.
1126 4113 1287 4177 dbauzitus
1311 4117 1394 4179 odo-

256 4209 338 4262 ratus
360 4210 408 4264 est
429 4203 646 4283 quodammodo
673 4209 711 4270 de
738 4211 917 4289 quibusnam
945 4214 1010 4278 iere
1040 4217 1131 4280 rebus
1161 4225 1262 4296 ageret
1283 4221 1392 4283 visum
1430 4269 1431 4274 1

256 4309 394 4382 quattuor
421 4305 554 4385 equitum
581 4327 656 4392 quos
685 4319 823 4393 quattuor
852 4334 919 4380 esse
946 4317 987 4380 ait
1013 4319 1140 4384 ludaeac
1169 4333 1392 4401 procuratores

253 4402 432 4489 plerumque
455 4427 491 4476 ex
512 4413 646 4494 equestri
667 4416 774 4484 ordine
793 4413 904 4486 electos
928 4415 1036 4499 [Tacit.
1059 4421 1129 4490 bist.
1149 4419 1182 4503 i',
1207 4424 1266 4506 9.];
1298 4423 1392 4494 Feli·
