<?xml version="1.0" encoding="UTF-8"?>
<!DOCTYPE html PUBLIC "-//W3C//DTD XHTML 1.0 Transitional//EN"
    "http://www.w3.org/TR/xhtml1/DTD/xhtml1-transitional.dtd">
<html xmlns="http://www.w3.org/1999/xhtml" xml:lang="en" lang="en">
 <head>
  <title>
</title>
<meta http-equiv="Content-Type" content="text/html;charset=utf-8" />
  <meta name='ocr-system' content='tesseract 3.04.00' />
  <meta name='ocr-capabilities' content='ocr_page ocr_carea ocr_par ocr_line ocrx_word'/>
</head>
<body>
  <div class='ocr_page' id='page_1' title='image "./deapocalypsijoa00boehgoog_0032.png"; bbox 0 0 2900 5054; ppageno 0'>
   <div class='ocr_carea' id='block_1_1' title="bbox 602 371 645 442">
    <p class='ocr_par' dir='ltr' id='par_1_1' title="bbox 602 371 645 442">
     <span class='ocr_line' id='line_1_1' title="bbox 602 371 645 442; baseline 0 0"><span class='ocrx_word' id='word_1_1' title='bbox 602 371 645 442; x_wconf 76' lang='lat'><strong>25</strong></span> 
     </span>
    </p>
   </div>
   <div class='ocr_carea' id='block_1_2' title="bbox 51 527 1268 3686">
    <p class='ocr_par' dir='ltr' id='par_1_2' title="bbox 51 527 1268 3686">
     <span class='ocr_line' id='line_1_2' title="bbox 58 527 1184 622; baseline 0.007 -24"><span class='ocrx_word' id='word_1_2' title='bbox 58 535 214 608; x_wconf 81' lang='lat' dir='ltr'><strong>adessent,</strong></span> <span class='ocrx_word' id='word_1_3' title='bbox 236 538 323 616; x_wconf 75' lang='grc' dir='ltr'><strong><em>ἔρνος</em></strong></span> <span class='ocrx_word' id='word_1_4' title='bbox 345 527 446 617; x_wconf 80' lang='grc' dir='ltr'><strong><em>ύσιτιρ</em></strong></span> <span class='ocrx_word' id='word_1_5' title='bbox 471 532 664 622; x_wconf 72' lang='grc' dir='ltr'><strong>’ἐχυρώτατον</strong></span> <span class='ocrx_word' id='word_1_6' title='bbox 690 537 758 602; x_wconf 91' lang='lat' dir='ltr'><strong>urbi</strong></span> <span class='ocrx_word' id='word_1_7' title='bbox 789 537 901 604; x_wconf 85' lang='lat' dir='ltr'><strong>tuerint</strong></span> <span class='ocrx_word' id='word_1_8' title='bbox 927 549 1029 602; x_wconf 90' lang='lat' dir='ltr'><strong>contra</strong></span> <span class='ocrx_word' id='word_1_9' title='bbox 1056 541 1184 620; x_wconf 84' lang='lat' dir='ltr'><strong>impetus</strong></span> 
     </span>
     <span class='ocr_line' id='line_1_3' title="bbox 58 636 1184 724; baseline 0.009 -26"><span class='ocrx_word' id='word_1_10' title='bbox 58 637 313 711; x_wconf 77' lang='lat' dir='ltr'><strong>adversariorum,</strong></span> <span class='ocrx_word' id='word_1_11' title='bbox 338 638 377 700; x_wconf 90' lang='lat' dir='ltr'><strong>ita</strong></span> <span class='ocrx_word' id='word_1_12' title='bbox 399 648 629 717; x_wconf 74' lang='lat' dir='ltr'><strong>cognomentum</strong></span> <span class='ocrx_word' id='word_1_13' title='bbox 660 639 732 702; x_wconf 84' lang='lat' dir='ltr'><strong>illud</strong></span> <span class='ocrx_word' id='word_1_14' title='bbox 756 636 1084 724; x_wconf 75' lang='grc' dir='ltr'><strong><em>ὶοοοὶιὶπιριοχὴ-τοῦ</em></strong></span> <span class='ocrx_word' id='word_1_15' title='bbox 1107 639 1184 708; x_wconf 80' lang='grc' dir='ltr'><strong><em>λαοὶ</em></strong></span> 
     </span>
     <span class='ocr_line' id='line_1_4' title="bbox 58 734 1185 823; baseline 0.005 -21"><span class='ocrx_word' id='word_1_16' title='bbox 58 738 110 802; x_wconf 88' lang='grc' dir='ltr'><strong><em>καὶ</em></strong></span> <span class='ocrx_word' id='word_1_17' title='bbox 132 734 317 823; x_wconf 87' lang='grc' dir='ltr'><strong><em>ιὶικαιοσύνη</em></strong></span> <span class='ocrx_word' id='word_1_18' title='bbox 340 753 440 804; x_wconf 88' lang='lat' dir='ltr'><strong>natum</strong></span> <span class='ocrx_word' id='word_1_19' title='bbox 464 761 542 816; x_wconf 88' lang='lat' dir='ltr'><strong>esse,</strong></span> <span class='ocrx_word' id='word_1_20' title='bbox 565 743 661 822; x_wconf 80' lang='lat' dir='ltr'><strong>possit</strong></span> <span class='ocrx_word' id='word_1_21' title='bbox 679 743 768 806; x_wconf 85' lang='lat' dir='ltr'><strong>alicui</strong></span> <span class='ocrx_word' id='word_1_22' title='bbox 792 743 973 806; x_wconf 84' lang='lat' dir='ltr'><strong>irruentem</strong></span> <span class='ocrx_word' id='word_1_23' title='bbox 997 747 1099 808; x_wconf 87' lang='lat' dir='ltr'><strong>venire</strong></span> <span class='ocrx_word' id='word_1_24' title='bbox 1118 763 1185 808; x_wconf 88' lang='lat' dir='ltr'><strong>cum</strong></span> 
     </span>
     <span class='ocr_line' id='line_1_5' title="bbox 58 833 1187 927; baseline 0.006 -23"><span class='ocrx_word' id='word_1_25' title='bbox 58 843 237 920; x_wconf 87' lang='lat' dir='ltr'><strong>praesertim</strong></span> <span class='ocrx_word' id='word_1_26' title='bbox 258 844 443 923; x_wconf 78' lang='lat' dir='ltr'>Epiphanius</span> <span class='ocrx_word' id='word_1_27' title='bbox 471 845 585 908; x_wconf 89' lang='lat' dir='ltr'><strong>scribat</strong></span> <span class='ocrx_word' id='word_1_28' title='bbox 607 846 687 908; x_wconf 92' lang='lat' dir='ltr'><strong>baer.</strong></span> <span class='ocrx_word' id='word_1_29' title='bbox 709 845 870 919; x_wconf 76' lang='lat' dir='ltr'>LXXVIII,</span> <span class='ocrx_word' id='word_1_30' title='bbox 893 845 927 908; x_wconf 84' lang='lat'><strong>7:</strong></span> <span class='ocrx_word' id='word_1_31' title='bbox 959 851 1025 927; x_wconf 72' lang='grc' dir='ltr'><strong><em>ἐσχι</em></strong></span> <span class='ocrx_word' id='word_1_32' title='bbox 1052 846 1107 926; x_wconf 81' lang='grc' dir='ltr'><strong>μὲν</strong></span> <span class='ocrx_word' id='word_1_33' title='bbox 1131 833 1187 910; x_wconf 82' lang='grc' dir='ltr'><strong>οὖν</strong></span> 
     </span>
     <span class='ocr_line' id='line_1_6' title="bbox 58 940 1187 1030; baseline 0.004 -23"><span class='ocrx_word' id='word_1_34' title='bbox 58 940 213 1028; x_wconf 74' lang='grc' dir='ltr'><strong><em>ὁἿωσηφ</em></strong></span> <span class='ocrx_word' id='word_1_35' title='bbox 240 941 437 1027; x_wconf 77' lang='grc' dir='ltr'><strong><em>πρωτότοκον</em></strong></span> <span class='ocrx_word' id='word_1_36' title='bbox 467 944 522 1012; x_wconf 87' lang='grc' dir='ltr'><strong>τὸν</strong></span> <span class='ocrx_word' id='word_1_37' title='bbox 552 942 703 1030; x_wconf 77' lang='grc' dir='ltr'><strong><em>Ἰάκωβον</em></strong></span> <span class='ocrx_word' id='word_1_38' title='bbox 736 946 790 1014; x_wconf 83' lang='grc' dir='ltr'><strong>τὸν</strong></span> <span class='ocrx_word' id='word_1_39' title='bbox 819 945 1030 1028; x_wconf 76' lang='grc' dir='ltr'><strong><em>ἐπικληθέντα</em></strong></span> <span class='ocrx_word' id='word_1_40' title='bbox 1059 944 1187 1029; x_wconf 56' lang='lat' dir='ltr'><strong>&#39;Ofilius</strong></span> 
     </span>
     <span class='ocr_line' id='line_1_7' title="bbox 59 1043 1187 1133; baseline 0 -23"><span class='ocrx_word' id='word_1_41' title='bbox 59 1043 300 1129; x_wconf 74' lang='grc' dir='ltr'><strong><em>ἑρμηνευόμενον</em></strong></span> <span class='ocrx_word' id='word_1_42' title='bbox 329 1058 428 1133; x_wconf 78' lang='grc' dir='ltr'><strong><em>τοῖχος</em></strong></span> <span class='ocrx_word' id='word_1_43' title='bbox 463 1053 535 1130; x_wconf 87' lang='lat' dir='ltr'><strong>[quo</strong></span> <span class='ocrx_word' id='word_1_44' title='bbox 564 1050 706 1128; x_wconf 83' lang='lat' dir='ltr'><strong>vocabulo</strong></span> <span class='ocrx_word' id='word_1_45' title='bbox 740 1051 817 1114; x_wconf 88' lang='lat' dir='ltr'><strong>idem</strong></span> <span class='ocrx_word' id='word_1_46' title='bbox 854 1049 1023 1128; x_wconf 80' lang='lat' dir='ltr'><strong>significare</strong></span> <span class='ocrx_word' id='word_1_47' title='bbox 1051 1049 1187 1112; x_wconf 85' lang='lat' dir='ltr'><strong>videatur</strong></span> 
     </span>
     <span class='ocr_line' id='line_1_8' title="bbox 59 1147 1186 1239; baseline 0.002 -29"><span class='ocrx_word' id='word_1_48' title='bbox 59 1167 149 1228; x_wconf 89' lang='lat' dir='ltr'><strong>quarn</strong></span> <span class='ocrx_word' id='word_1_49' title='bbox 172 1149 250 1228; x_wconf 87' lang='lat' dir='ltr'><strong>quod</strong></span> <span class='ocrx_word' id='word_1_50' title='bbox 272 1150 461 1230; x_wconf 79' lang='lat' dir='ltr'><strong>Hegesippus</strong></span> <span class='ocrx_word' id='word_1_51' title='bbox 487 1152 631 1214; x_wconf 88' lang='lat' dir='ltr'><strong>vocabulo</strong></span> <span class='ocrx_word' id='word_1_52' title='bbox 662 1155 822 1239; x_wconf 67' lang='grc' dir='ltr'><strong><em>περιοχῆςὶ</em></strong></span> <span class='ocrx_word' id='word_1_53' title='bbox 848 1152 899 1218; x_wconf 87' lang='grc' dir='ltr'><strong><em>καὶ</em></strong></span> <span class='ocrx_word' id='word_1_54' title='bbox 920 1148 1042 1216; x_wconf 77' lang='grc' dir='ltr'><strong><em>δίκαιον</em></strong></span> <span class='ocrx_word' id='word_1_55' title='bbox 1060 1147 1186 1232; x_wconf 82' lang='grc' dir='ltr'><strong><em>ὶιιικλη-</em></strong></span> 
     </span>
     <span class='ocr_line' id='line_1_9' title="bbox 58 1243 1184 1335; baseline 0.001 -22"><span class='ocrx_word' id='word_1_56' title='bbox 58 1251 172 1325; x_wconf 75' lang='grc' dir='ltr'><strong><em>θέντα,</em></strong></span> <span class='ocrx_word' id='word_1_57' title='bbox 192 1249 362 1330; x_wconf 78' lang='grc' dir='ltr'><strong><em>ναζωραῖον</em></strong></span> <span class='ocrx_word' id='word_1_58' title='bbox 375 1247 409 1316; x_wconf 72' lang='lat' dir='ltr'><strong>tt</strong></span> <span class='ocrx_word' id='word_1_59' title='bbox 424 1249 499 1316; x_wconf 77' lang='grc' dir='ltr'><strong><em>ὄντα</em></strong></span> <span class='ocrx_word' id='word_1_60' title='bbox 515 1243 590 1332; x_wconf 79' lang='grc' dir='ltr'><strong><em>ὅπερ</em></strong></span> <span class='ocrx_word' id='word_1_61' title='bbox 604 1245 801 1335; x_wconf 75' lang='grc' dir='ltr'><strong><em>ἑρμηνεύεται</em></strong></span> <span class='ocrx_word' id='word_1_62' title='bbox 813 1244 912 1329; x_wconf 76' lang='grc' dir='ltr'><strong><em>ἅγιος.</em></strong></span> <span class='ocrx_word' id='word_1_63' title='bbox 936 1252 997 1314; x_wconf 89' lang='lat' dir='ltr'><strong>lam</strong></span> <span class='ocrx_word' id='word_1_64' title='bbox 1015 1270 1085 1314; x_wconf 88' lang='lat' dir='ltr'><strong>veru</strong></span> <span class='ocrx_word' id='word_1_65' title='bbox 1098 1269 1184 1330; x_wconf 87' lang='lat' dir='ltr'><strong>pror·</strong></span> 
     </span>
     <span class='ocr_line' id='line_1_10' title="bbox 58 1349 1186 1437; baseline 0.003 -22"><span class='ocrx_word' id='word_1_66' title='bbox 58 1372 113 1415; x_wconf 91' lang='lat' dir='ltr'><strong>sus</strong></span> <span class='ocrx_word' id='word_1_67' title='bbox 125 1352 211 1416; x_wconf 77' lang='lat' dir='ltr'><strong>aliter</strong></span> <span class='ocrx_word' id='word_1_68' title='bbox 222 1354 315 1416; x_wconf 79' lang='lat' dir='ltr'>refert</span> <span class='ocrx_word' id='word_1_69' title='bbox 329 1353 516 1433; x_wconf 90' lang='lat' dir='ltr'><strong>Nicephorus</strong></span> <span class='ocrx_word' id='word_1_70' title='bbox 531 1355 672 1418; x_wconf 81' lang='lat' dir='ltr'>Callistus</span> <span class='ocrx_word' id='word_1_71' title='bbox 686 1355 757 1418; x_wconf 91' lang='lat' dir='ltr'><strong>bist.</strong></span> <span class='ocrx_word' id='word_1_72' title='bbox 780 1354 818 1428; x_wconf 82' lang='lat' dir='ltr'><strong>ii,</strong></span> <span class='ocrx_word' id='word_1_73' title='bbox 843 1353 900 1415; x_wconf 76' lang='lat'><strong>38:</strong></span> <span class='ocrx_word' id='word_1_74' title='bbox 921 1351 1044 1437; x_wconf 77' lang='grc' dir='ltr'><strong><em>Ὀβλὶας</em></strong></span> <span class='ocrx_word' id='word_1_75' title='bbox 1058 1349 1092 1418; x_wconf 70' lang='lat' dir='ltr'><strong>rie*</strong></span> <span class='ocrx_word' id='word_1_76' title='bbox 1114 1355 1186 1418; x_wconf 86' lang='grc' dir='ltr'><strong><em>ὶκα-</em></strong></span> 
     </span>
     <span class='ocr_line' id='line_1_11' title="bbox 57 1446 1185 1535; baseline -0.005 -17"><span class='ocrx_word' id='word_1_77' title='bbox 57 1457 145 1534; x_wconf 72' lang='grc' dir='ltr'><strong><em>λιῖιο</em></strong></span> <span class='ocrx_word' id='word_1_78' title='bbox 166 1446 185 1519; x_wconf 78' lang='grc' dir='ltr'>ὅ</span> <span class='ocrx_word' id='word_1_79' title='bbox 204 1457 269 1518; x_wconf 78' lang='grc' dir='ltr'><strong><em>ἐστι</em></strong></span> <span class='ocrx_word' id='word_1_80' title='bbox 292 1451 421 1527; x_wconf 75' lang='grc' dir='ltr'><strong><em>δίκαιος.</em></strong></span> <span class='ocrx_word' id='word_1_81' title='bbox 466 1458 555 1520; x_wconf 88' lang='lat' dir='ltr'><strong>Suam</strong></span> <span class='ocrx_word' id='word_1_82' title='bbox 579 1464 677 1518; x_wconf 87' lang='lat' dir='ltr'><strong>tamen</strong></span> <span class='ocrx_word' id='word_1_83' title='bbox 692 1464 818 1535; x_wconf 90' lang='lat' dir='ltr'><strong>uterque</strong></span> <span class='ocrx_word' id='word_1_84' title='bbox 841 1453 1066 1533; x_wconf 80' lang='lat' dir='ltr'><strong>explicationem</strong></span> <span class='ocrx_word' id='word_1_85' title='bbox 1079 1472 1113 1514; x_wconf 91' lang='lat' dir='ltr'><strong>ox</strong></span> <span class='ocrx_word' id='word_1_86' title='bbox 1126 1453 1185 1514; x_wconf 88' lang='lat' dir='ltr'><strong>He·</strong></span> 
     </span>
     <span class='ocr_line' id='line_1_12' title="bbox 57 1541 1188 1640; baseline 0 -22"><span class='ocrx_word' id='word_1_87' title='bbox 57 1557 176 1636; x_wconf 80' lang='lat' dir='ltr'><strong>gesippi</strong></span> <span class='ocrx_word' id='word_1_88' title='bbox 197 1557 298 1620; x_wconf 81' lang='lat' dir='ltr'><strong>vorbis</strong></span> <span class='ocrx_word' id='word_1_89' title='bbox 320 1577 482 1639; x_wconf 78' lang='lat' dir='ltr'><strong>excerpere</strong></span> <span class='ocrx_word' id='word_1_90' title='bbox 501 1560 618 1622; x_wconf 86' lang='lat' dir='ltr'><strong>videtur</strong></span> <span class='ocrx_word' id='word_1_91' title='bbox 638 1577 713 1640; x_wconf 89' lang='lat' dir='ltr'><strong>quae</strong></span> <span class='ocrx_word' id='word_1_92' title='bbox 736 1559 812 1638; x_wconf 90' lang='lat' dir='ltr'><strong>apud</strong></span> <span class='ocrx_word' id='word_1_93' title='bbox 835 1541 999 1620; x_wconf 82' lang='lat' dir='ltr'><strong>Eusebium</strong></span> <span class='ocrx_word' id='word_1_94' title='bbox 1018 1556 1060 1629; x_wconf 84' lang='lat' dir='ltr'><strong>ii,</strong></span> <span class='ocrx_word' id='word_1_95' title='bbox 1084 1554 1125 1616; x_wconf 81' lang='lat'><strong>23</strong></span> <span class='ocrx_word' id='word_1_96' title='bbox 1144 1555 1188 1618; x_wconf 87' lang='lat' dir='ltr'><strong>sic</strong></span> 
     </span>
     <span class='ocr_line' id='line_1_13' title="bbox 57 1655 1186 1747; baseline 0.005 -29"><span class='ocrx_word' id='word_1_97' title='bbox 57 1658 185 1722; x_wconf 86' lang='lat' dir='ltr'><strong>babent:</strong></span> <span class='ocrx_word' id='word_1_98' title='bbox 213 1656 267 1723; x_wconf 86' lang='grc' dir='ltr'><strong><em>(ὶιαὶ</em></strong></span> <span class='ocrx_word' id='word_1_99' title='bbox 290 1659 474 1746; x_wconf 67' lang='lat' dir='ltr'><strong>peroraris</strong></span> <span class='ocrx_word' id='word_1_100' title='bbox 499 1659 676 1747; x_wconf 72' lang='grc' dir='ltr'><strong><em>ὑπερβολήν</em></strong></span> <span class='ocrx_word' id='word_1_101' title='bbox 702 1663 756 1746; x_wconf 71' lang='grc' dir='ltr'><strong><em>τῆς</em></strong></span> <span class='ocrx_word' id='word_1_102' title='bbox 784 1657 978 1744; x_wconf 74' lang='grc' dir='ltr'><strong><em>δικαιοσύνης</em></strong></span> <span class='ocrx_word' id='word_1_103' title='bbox 1001 1655 1096 1726; x_wconf 74' lang='grc' dir='ltr'><strong><em>αὐτοῦ</em></strong></span> <span class='ocrx_word' id='word_1_104' title='bbox 1116 1661 1186 1724; x_wconf 82' lang='grc' dir='ltr'><strong><em>ἑκα·</em></strong></span> 
     </span>
     <span class='ocr_line' id='line_1_14' title="bbox 55 1754 1187 1847; baseline 0 -21"><span class='ocrx_word' id='word_1_105' title='bbox 55 1762 141 1828; x_wconf 67' lang='lat' dir='ltr'><strong>istro</strong></span> <span class='ocrx_word' id='word_1_106' title='bbox 169 1757 288 1834; x_wconf 74' lang='grc' dir='ltr'><strong><em>δίκαιον</em></strong></span> <span class='ocrx_word' id='word_1_107' title='bbox 314 1763 365 1828; x_wconf 87' lang='grc' dir='ltr'><strong><em>καὶ</em></strong></span> <span class='ocrx_word' id='word_1_108' title='bbox 392 1757 507 1845; x_wconf 74' lang='grc' dir='ltr'><strong><em>οὶβλὶας</em></strong></span> <span class='ocrx_word' id='word_1_109' title='bbox 531 1754 548 1826; x_wconf 75' lang='lat' dir='ltr'><strong>‘i</strong></span> <span class='ocrx_word' id='word_1_110' title='bbox 576 1767 658 1828; x_wconf 75' lang='grc' dir='ltr'><strong><em>ἐστιν</em></strong></span> <span class='ocrx_word' id='word_1_111' title='bbox 682 1761 835 1846; x_wconf 74' lang='grc' dir='ltr'><strong><em>ἑλληνιστὶ</em></strong></span> <span class='ocrx_word' id='word_1_112' title='bbox 868 1756 993 1847; x_wconf 68' lang='grc' dir='ltr'><strong><em>περιοχὴ</em></strong></span> <span class='ocrx_word' id='word_1_113' title='bbox 1023 1761 1078 1825; x_wconf 84' lang='grc' dir='ltr'><strong>σού</strong></span> <span class='ocrx_word' id='word_1_114' title='bbox 1105 1757 1187 1826; x_wconf 77' lang='grc' dir='ltr'><strong><em>λαοῦ</em></strong></span> 
     </span>
     <span class='ocr_line' id='line_1_15' title="bbox 56 1860 1187 1948; baseline -0.002 -20"><span class='ocrx_word' id='word_1_115' title='bbox 56 1865 110 1929; x_wconf 88' lang='grc' dir='ltr'><strong><em>καὶ</em></strong></span> <span class='ocrx_word' id='word_1_116' title='bbox 133 1860 315 1948; x_wconf 75' lang='grc' dir='ltr'><strong><em>δικαιοσύνη</em></strong></span> <span class='ocrx_word' id='word_1_117' title='bbox 337 1863 377 1938; x_wconf 76' lang='grc' dir='ltr'><strong>ὥς</strong></span> <span class='ocrx_word' id='word_1_118' title='bbox 405 1869 439 1930; x_wconf 88' lang='grc' dir='ltr'><strong>οὶ</strong></span> <span class='ocrx_word' id='word_1_119' title='bbox 464 1869 621 1948; x_wconf 78' lang='grc' dir='ltr'><strong><em>προφῆται</em></strong></span> <span class='ocrx_word' id='word_1_120' title='bbox 649 1861 779 1948; x_wconf 80' lang='grc' dir='ltr'><strong><em>ύηλοῐισι</em></strong></span> <span class='ocrx_word' id='word_1_121' title='bbox 804 1863 872 1948; x_wconf 83' lang='grc' dir='ltr'><strong><em>περὶ</em></strong></span> <span class='ocrx_word' id='word_1_122' title='bbox 898 1861 1004 1928; x_wconf 75' lang='grc' dir='ltr'><strong><em>αὐτοῦ.</em></strong></span> <span class='ocrx_word' id='word_1_123' title='bbox 1049 1863 1187 1926; x_wconf 84' lang='lat' dir='ltr'><strong>indidem</strong></span> 
     </span>
     <span class='ocr_line' id='line_1_16' title="bbox 56 1966 1184 2049; baseline 0.002 -21"><span class='ocrx_word' id='word_1_124' title='bbox 56 1967 147 2028; x_wconf 87' lang='lat' dir='ltr'><strong>otiam</strong></span> <span class='ocrx_word' id='word_1_125' title='bbox 171 1966 324 2029; x_wconf 80' lang='lat' dir='ltr'><strong>cedrenus</strong></span> <span class='ocrx_word' id='word_1_126' title='bbox 347 1967 513 2030; x_wconf 79' lang='lat' dir='ltr'><strong>accuratius</strong></span> <span class='ocrx_word' id='word_1_127' title='bbox 536 1976 636 2030; x_wconf 88' lang='lat' dir='ltr'><strong>narrat</strong></span> <span class='ocrx_word' id='word_1_128' title='bbox 663 1985 773 2049; x_wconf 82' lang='grc' dir='ltr'><strong><em>συνσψ.</em></strong></span> <span class='ocrx_word' id='word_1_129' title='bbox 801 1971 860 2033; x_wconf 79' lang='lat' dir='ltr'><strong>icc.</strong></span> <span class='ocrx_word' id='word_1_130' title='bbox 897 1969 991 2030; x_wconf 90' lang='lat' dir='ltr'><strong>Bcun.</strong></span> <span class='ocrx_word' id='word_1_131' title='bbox 1014 1966 1037 2029; x_wconf 91' lang='lat'><strong>1.</strong></span> <span class='ocrx_word' id='word_1_132' title='bbox 1058 1987 1087 2046; x_wconf 92' lang='lat' dir='ltr'><strong>p.</strong></span> <span class='ocrx_word' id='word_1_133' title='bbox 1105 1966 1184 2030; x_wconf 80' lang='lat'><strong>361:</strong></span> 
     </span>
     <span class='ocr_line' id='line_1_17' title="bbox 55 2057 1187 2153; baseline 0.004 -25"><span class='ocrx_word' id='word_1_134' title='bbox 55 2057 139 2128; x_wconf 81' lang='grc' dir='ltr'><strong><em>ὶὶθεν</em></strong></span> <span class='ocrx_word' id='word_1_135' title='bbox 157 2062 211 2130; x_wconf 73' lang='grc' dir='ltr'><strong><em>διὰ</em></strong></span> <span class='ocrx_word' id='word_1_136' title='bbox 231 2063 286 2150; x_wconf 72' lang='grc' dir='ltr'><strong>τὴν</strong></span> <span class='ocrx_word' id='word_1_137' title='bbox 307 2063 481 2152; x_wconf 70' lang='grc' dir='ltr'><strong><em>ὑπερβολὴν</em></strong></span> <span class='ocrx_word' id='word_1_138' title='bbox 510 2071 563 2153; x_wconf 75' lang='grc' dir='ltr'><strong>τῆς</strong></span> <span class='ocrx_word' id='word_1_139' title='bbox 588 2063 785 2151; x_wconf 78' lang='grc' dir='ltr'><strong><em>δικαιοσύνης</em></strong></span> <span class='ocrx_word' id='word_1_140' title='bbox 808 2065 904 2134; x_wconf 78' lang='grc' dir='ltr'><strong><em>αὐτοῦ</em></strong></span> <span class='ocrx_word' id='word_1_141' title='bbox 928 2068 980 2132; x_wconf 90' lang='grc' dir='ltr'><strong><em>καὶ</em></strong></span> <span class='ocrx_word' id='word_1_142' title='bbox 1001 2073 1187 2153; x_wconf 71' lang='grc' dir='ltr'><strong><em>θαυμαστῆς</em></strong></span> 
     </span>
     <span class='ocr_line' id='line_1_18' title="bbox 54 2163 1188 2256; baseline 0.004 -24"><span class='ocrx_word' id='word_1_143' title='bbox 54 2167 213 2246; x_wconf 78' lang='grc' dir='ltr'><strong><em>πολιτείας</em></strong></span> <span class='ocrx_word' id='word_1_144' title='bbox 241 2167 379 2234; x_wconf 74' lang='grc' dir='ltr'><strong><em>ἐκαλεῖτο</em></strong></span> <span class='ocrx_word' id='word_1_145' title='bbox 407 2167 527 2245; x_wconf 69' lang='grc' dir='ltr'><strong><em>δίκαιον</em></strong></span> <span class='ocrx_word' id='word_1_146' title='bbox 549 2170 601 2236; x_wconf 91' lang='grc' dir='ltr'><strong><em>καὶ</em></strong></span> <span class='ocrx_word' id='word_1_147' title='bbox 631 2168 739 2255; x_wconf 68' lang='lat' dir='ltr'><strong>aptiae</strong></span> <span class='ocrx_word' id='word_1_148' title='bbox 761 2163 778 2234; x_wconf 84' lang='lat' dir='ltr'><strong>ii</strong></span> <span class='ocrx_word' id='word_1_149' title='bbox 803 2175 868 2236; x_wconf 82' lang='grc' dir='ltr'><strong><em>ἐστι</em></strong></span> <span class='ocrx_word' id='word_1_150' title='bbox 889 2168 1010 2256; x_wconf 76' lang='grc' dir='ltr'><strong><em>περιοχὴ</em></strong></span> <span class='ocrx_word' id='word_1_151' title='bbox 1037 2169 1114 2236; x_wconf 82' lang='grc' dir='ltr'><strong><em>λαοῦ</em></strong></span> <span class='ocrx_word' id='word_1_152' title='bbox 1137 2170 1188 2238; x_wconf 90' lang='grc' dir='ltr'><strong><em>καὶ</em></strong></span> 
     </span>
     <span class='ocr_line' id='line_1_19' title="bbox 55 2266 1186 2353; baseline 0.003 -20"><span class='ocrx_word' id='word_1_153' title='bbox 55 2266 251 2353; x_wconf 78' lang='grc' dir='ltr'><strong><em>δικαιοσύνη.</em></strong></span> <span class='ocrx_word' id='word_1_154' title='bbox 296 2271 352 2332; x_wconf 89' lang='lat' dir='ltr'><strong>Ubi</strong></span> <span class='ocrx_word' id='word_1_155' title='bbox 371 2271 449 2334; x_wconf 88' lang='lat' dir='ltr'><strong>Guii.</strong></span> <span class='ocrx_word' id='word_1_156' title='bbox 472 2273 622 2351; x_wconf 80' lang='lat' dir='ltr'><strong>Xylander</strong></span> <span class='ocrx_word' id='word_1_157' title='bbox 642 2281 733 2334; x_wconf 88' lang='lat' dir='ltr'><strong>notat.</strong></span> <span class='ocrx_word' id='word_1_158' title='bbox 751 2273 789 2336; x_wconf 83' lang='lat' dir='ltr'><strong>tt.</strong></span> <span class='ocrx_word' id='word_1_159' title='bbox 812 2291 842 2352; x_wconf 93' lang='lat' dir='ltr'><strong>p.</strong></span> <span class='ocrx_word' id='word_1_160' title='bbox 866 2270 942 2334; x_wconf 77' lang='lat'>775:</span> <span class='ocrx_word' id='word_1_161' title='bbox 968 2273 1083 2350; x_wconf 78' lang='lat' dir='ltr'><strong>Obitus]</strong></span> <span class='ocrx_word' id='word_1_162' title='bbox 1106 2278 1186 2336; x_wconf 81' lang='lat' dir='ltr'><strong>cuius</strong></span> 
     </span>
     <span class='ocr_line' id='line_1_20' title="bbox 55 2375 1186 2454; baseline 0.008 -24"><span class='ocrx_word' id='word_1_163' title='bbox 55 2375 176 2446; x_wconf 81' lang='grc' dir='ltr'><strong><em>ὶὶαρασν</em></strong></span> <span class='ocrx_word' id='word_1_164' title='bbox 196 2375 251 2430; x_wconf 83' lang='lat' dir='ltr'><strong>boc</strong></span> <span class='ocrx_word' id='word_1_165' title='bbox 269 2375 437 2432; x_wconf 83' lang='lat' dir='ltr'><strong>uocabulum</strong></span> <span class='ocrx_word' id='word_1_166' title='bbox 453 2376 492 2432; x_wconf 83' lang='lat' dir='ltr'><strong>sit</strong></span> <span class='ocrx_word' id='word_1_167' title='bbox 517 2385 543 2432; x_wconf 90' lang='lat' dir='ltr'><strong>et</strong></span> <span class='ocrx_word' id='word_1_168' title='bbox 566 2379 634 2450; x_wconf 78' lang='lat' dir='ltr'><strong>quid</strong></span> <span class='ocrx_word' id='word_1_169' title='bbox 657 2379 798 2450; x_wconf 78' lang='lat' dir='ltr'><strong>sipntficet</strong></span> <span class='ocrx_word' id='word_1_170' title='bbox 819 2395 877 2434; x_wconf 88' lang='grc' dir='ltr'><strong>νοα</strong></span> <span class='ocrx_word' id='word_1_171' title='bbox 897 2379 1028 2450; x_wconf 78' lang='grc' dir='ltr'><strong><em>ιάιαὶὶὶρο</em></strong></span> <span class='ocrx_word' id='word_1_172' title='bbox 1050 2420 1058 2434; x_wconf 93' lang='grc'><strong>.</strong></span> <span class='ocrx_word' id='word_1_173' title='bbox 1080 2397 1186 2454; x_wconf 78' lang='lat' dir='ltr'><strong>nspec-</strong></span> 
     </span>
     <span class='ocr_line' id='line_1_21' title="bbox 54 2474 1186 2560; baseline 0.002 -24"><span class='ocrx_word' id='word_1_174' title='bbox 54 2497 115 2560; x_wconf 78' lang='grc' dir='ltr'><strong>χην</strong></span> <span class='ocrx_word' id='word_1_175' title='bbox 142 2474 222 2540; x_wconf 69' lang='lat' dir='ltr'><strong>buon</strong></span> <span class='ocrx_word' id='word_1_176' title='bbox 255 2480 293 2536; x_wconf 88' lang='grc' dir='ltr'><strong>αιὶ</strong></span> <span class='ocrx_word' id='word_1_177' title='bbox 320 2480 437 2536; x_wconf 80' lang='lat' dir='ltr'><strong>corbum</strong></span> <span class='ocrx_word' id='word_1_178' title='bbox 471 2480 586 2536; x_wconf 73' lang='lat' dir='ltr'><strong>ceantur·</strong></span> <span class='ocrx_word' id='word_1_179' title='bbox 619 2481 844 2552; x_wconf 78' lang='lat' dir='ltr'><strong>compluerunt</strong></span> <span class='ocrx_word' id='word_1_180' title='bbox 879 2481 1023 2552; x_wconf 80' lang='lat' dir='ltr'><strong>populi.</strong></span> <span class='ocrx_word' id='word_1_181' title='bbox 1072 2476 1186 2538; x_wconf 79' lang='lat' dir='ltr'><strong>Revera</strong></span> 
     </span>
     <span class='ocr_line' id='line_1_22' title="bbox 54 2575 1184 2664; baseline 0.002 -24"><span class='ocrx_word' id='word_1_182' title='bbox 54 2575 178 2664; x_wconf 55' lang='lat' dir='ltr'><strong>capitor</strong></span> <span class='ocrx_word' id='word_1_183' title='bbox 196 2577 227 2638; x_wconf 90' lang='lat' dir='ltr'><strong>in</strong></span> <span class='ocrx_word' id='word_1_184' title='bbox 247 2577 347 2655; x_wconf 83' lang='lat' dir='ltr'><strong>lingua</strong></span> <span class='ocrx_word' id='word_1_185' title='bbox 367 2578 503 2641; x_wconf 88' lang='lat' dir='ltr'><strong>Hebraea</strong></span> <span class='ocrx_word' id='word_1_186' title='bbox 523 2579 575 2653; x_wconf 90' lang='lat' dir='ltr'><strong>(de</strong></span> <span class='ocrx_word' id='word_1_187' title='bbox 597 2579 652 2642; x_wconf 91' lang='lat' dir='ltr'><strong>bac</strong></span> <span class='ocrx_word' id='word_1_188' title='bbox 675 2581 755 2642; x_wconf 87' lang='lat' dir='ltr'><strong>euim</strong></span> <span class='ocrx_word' id='word_1_189' title='bbox 784 2580 847 2642; x_wconf 86' lang='lat' dir='ltr'><strong>sola</strong></span> <span class='ocrx_word' id='word_1_190' title='bbox 870 2579 993 2660; x_wconf 81' lang='lat' dir='ltr'><strong>eogitari</strong></span> <span class='ocrx_word' id='word_1_191' title='bbox 1021 2598 1110 2659; x_wconf 91' lang='lat' dir='ltr'><strong>posse</strong></span> <span class='ocrx_word' id='word_1_192' title='bbox 1131 2599 1184 2659; x_wconf 87' lang='lat' dir='ltr'><strong>pa·</strong></span> 
     </span>
     <span class='ocr_line' id='line_1_23' title="bbox 54 2675 1186 2766; baseline 0.004 -26"><span class='ocrx_word' id='word_1_193' title='bbox 54 2681 116 2753; x_wconf 88' lang='lat' dir='ltr'><strong>tet)</strong></span> <span class='ocrx_word' id='word_1_194' title='bbox 138 2678 212 2738; x_wconf 87' lang='lat' dir='ltr'><strong>nihil</strong></span> <span class='ocrx_word' id='word_1_195' title='bbox 234 2679 396 2756; x_wconf 83' lang='lat' dir='ltr'><strong>siguificat,</strong></span> <span class='ocrx_word' id='word_1_196' title='bbox 427 2681 536 2743; x_wconf 88' lang='lat' dir='ltr'><strong>nedum</strong></span> <span class='ocrx_word' id='word_1_197' title='bbox 557 2678 700 2766; x_wconf 78' lang='grc' dir='ltr'><strong><em>περιοχὴν</em></strong></span> <span class='ocrx_word' id='word_1_198' title='bbox 721 2683 780 2747; x_wconf 79' lang='grc' dir='ltr'><strong><em>τοῦ</em></strong></span> <span class='ocrx_word' id='word_1_199' title='bbox 801 2677 882 2746; x_wconf 82' lang='grc' dir='ltr'><strong><em>λαοῦ</em></strong></span> <span class='ocrx_word' id='word_1_200' title='bbox 906 2678 956 2746; x_wconf 91' lang='grc' dir='ltr'><strong><em>καὶ</em></strong></span> <span class='ocrx_word' id='word_1_201' title='bbox 978 2675 1186 2765; x_wconf 75' lang='grc' dir='ltr'><strong><em>δικαιοσύνην.</em></strong></span> 
     </span>
     <span class='ocr_line' id='line_1_24' title="bbox 54 2780 1185 2864; baseline 0.002 -20"><span class='ocrx_word' id='word_1_202' title='bbox 54 2781 95 2844; x_wconf 79' lang='lat' dir='ltr'><strong>Et</strong></span> <span class='ocrx_word' id='word_1_203' title='bbox 118 2780 216 2844; x_wconf 88' lang='lat' dir='ltr'><strong>iocum</strong></span> <span class='ocrx_word' id='word_1_204' title='bbox 245 2783 421 2846; x_wconf 89' lang='lat' dir='ltr'><strong>mendosum</strong></span> <span class='ocrx_word' id='word_1_205' title='bbox 450 2801 519 2846; x_wconf 87' lang='lat' dir='ltr'><strong>esse</strong></span> <span class='ocrx_word' id='word_1_206' title='bbox 550 2783 620 2846; x_wconf 89' lang='lat' dir='ltr'><strong>inde</strong></span> <span class='ocrx_word' id='word_1_207' title='bbox 648 2784 706 2846; x_wconf 88' lang='lat' dir='ltr'><strong>iarn</strong></span> <span class='ocrx_word' id='word_1_208' title='bbox 735 2782 916 2862; x_wconf 84' lang='lat' dir='ltr'><strong>perspicitur</strong></span> <span class='ocrx_word' id='word_1_209' title='bbox 941 2783 1028 2863; x_wconf 64' lang='lat' dir='ltr'><strong>quod,</strong></span> <span class='ocrx_word' id='word_1_210' title='bbox 1051 2783 1185 2864; x_wconf 88' lang='lat' dir='ltr'><strong>quinque</strong></span> 
     </span>
     <span class='ocr_line' id='line_1_25' title="bbox 53 2883 1187 2964; baseline 0.001 -19"><span class='ocrx_word' id='word_1_211' title='bbox 53 2885 132 2946; x_wconf 90' lang='lat' dir='ltr'><strong>baec</strong></span> <span class='ocrx_word' id='word_1_212' title='bbox 153 2883 291 2944; x_wconf 88' lang='lat' dir='ltr'><strong>vocabula</strong></span> <span class='ocrx_word' id='word_1_213' title='bbox 314 2902 367 2946; x_wconf 86' lang='lat' dir='ltr'><strong>sex</strong></span> <span class='ocrx_word' id='word_1_214' title='bbox 388 2884 495 2946; x_wconf 88' lang='lat' dir='ltr'><strong>titteris</strong></span> <span class='ocrx_word' id='word_1_215' title='bbox 518 2885 672 2946; x_wconf 72' lang='lat' dir='ltr'><strong>transferri</strong></span> <span class='ocrx_word' id='word_1_216' title='bbox 697 2901 883 2964; x_wconf 87' lang='lat' dir='ltr'><strong>nequaquam</strong></span> <span class='ocrx_word' id='word_1_217' title='bbox 906 2893 1041 2962; x_wconf 89' lang='lat' dir='ltr'><strong>possunt.</strong></span> <span class='ocrx_word' id='word_1_218' title='bbox 1085 2883 1187 2964; x_wconf 88' lang='lat' dir='ltr'><strong>itaque</strong></span> 
     </span>
     <span class='ocr_line' id='line_1_26' title="bbox 53 2986 1185 3067; baseline 0.003 -19"><span class='ocrx_word' id='word_1_219' title='bbox 53 2987 123 3048; x_wconf 88' lang='lat' dir='ltr'><strong>Nic.</strong></span> <span class='ocrx_word' id='word_1_220' title='bbox 146 2986 285 3048; x_wconf 87' lang='lat' dir='ltr'><strong>Futlerus</strong></span> <span class='ocrx_word' id='word_1_221' title='bbox 308 2987 337 3049; x_wconf 87' lang='lat' dir='ltr'><strong>in</strong></span> <span class='ocrx_word' id='word_1_222' title='bbox 362 2987 489 3050; x_wconf 83' lang='lat' dir='ltr'><strong>miscell.</strong></span> <span class='ocrx_word' id='word_1_223' title='bbox 510 2987 598 3050; x_wconf 85' lang='lat' dir='ltr'><strong>theol.</strong></span> <span class='ocrx_word' id='word_1_224' title='bbox 622 2986 642 3050; x_wconf 89' lang='grc' dir='ltr'><strong>Ι.</strong></span> <span class='ocrx_word' id='word_1_225' title='bbox 658 2986 709 3048; x_wconf 86' lang='grc' dir='ltr'><strong>ΙΙΙ.</strong></span> <span class='ocrx_word' id='word_1_226' title='bbox 731 3006 756 3048; x_wconf 92' lang='lat' dir='ltr'><strong>c.</strong></span> <span class='ocrx_word' id='word_1_227' title='bbox 771 2988 790 3050; x_wconf 91' lang='grc' dir='ltr'><strong>Ι.</strong></span> <span class='ocrx_word' id='word_1_228' title='bbox 817 2987 1009 3049; x_wconf 86' lang='lat' dir='ltr'><strong>scribendum</strong></span> <span class='ocrx_word' id='word_1_229' title='bbox 1030 2988 1185 3067; x_wconf 87' lang='lat' dir='ltr'><strong>proposuit</strong></span> 
     </span>
     <span class='ocr_line' id='line_1_27' title="bbox 52 3081 1186 3172; baseline -0.004 -16"><span class='ocrx_word' id='word_1_230' title='bbox 52 3089 194 3156; x_wconf 67' lang='lat' dir='ltr'><strong>incisive</strong></span> <span class='ocrx_word' id='word_1_231' title='bbox 219 3086 339 3156; x_wconf 78' lang='grc' dir='ltr'><strong><em>Σαὶιὶὶκ</em></strong></span> <span class='ocrx_word' id='word_1_232' title='bbox 361 3089 410 3154; x_wconf 91' lang='grc' dir='ltr'><strong><em>καὶ</em></strong></span> <span class='ocrx_word' id='word_1_233' title='bbox 435 3086 564 3171; x_wconf 83' lang='grc' dir='ltr'><strong><em>Ὦζλιύιμ</em></strong></span> <span class='ocrx_word' id='word_1_234' title='bbox 587 3081 708 3156; x_wconf 77' lang='grc' dir='ltr'><strong><em>ὅέστιν</em></strong></span> <span class='ocrx_word' id='word_1_235' title='bbox 735 3085 885 3172; x_wconf 75' lang='grc' dir='ltr'><strong><em>ἑλληνιστὶ</em></strong></span> <span class='ocrx_word' id='word_1_236' title='bbox 910 3083 1028 3162; x_wconf 78' lang='grc' dir='ltr'><strong><em>δίκαιος</em></strong></span> <span class='ocrx_word' id='word_1_237' title='bbox 1056 3086 1107 3152; x_wconf 88' lang='grc' dir='ltr'><strong><em>καὶ</em></strong></span> <span class='ocrx_word' id='word_1_238' title='bbox 1133 3109 1186 3160; x_wconf 76' lang='lat' dir='ltr'><strong>rrs÷</strong></span> 
     </span>
     <span class='ocr_line' id='line_1_28' title="bbox 52 3189 1186 3278; baseline -0.008 -18"><span class='ocrx_word' id='word_1_239' title='bbox 52 3189 145 3278; x_wconf 77' lang='grc' dir='ltr'><strong><em>ριορή</em></strong></span> <span class='ocrx_word' id='word_1_240' title='bbox 166 3192 244 3258; x_wconf 84' lang='grc' dir='ltr'><strong><em>λαοῦ</em></strong></span> <span class='ocrx_word' id='word_1_241' title='bbox 265 3213 352 3274; x_wconf 87' lang='lat' dir='ltr'><strong>quam</strong></span> <span class='ocrx_word' id='word_1_242' title='bbox 375 3194 575 3256; x_wconf 89' lang='lat' dir='ltr'><strong>coniecturam</strong></span> <span class='ocrx_word' id='word_1_243' title='bbox 596 3193 797 3272; x_wconf 82' lang='lat' dir='ltr'><strong>probaverunt</strong></span> <span class='ocrx_word' id='word_1_244' title='bbox 817 3191 951 3254; x_wconf 83' lang='lat' dir='ltr'><strong>Valesius</strong></span> <span class='ocrx_word' id='word_1_245' title='bbox 974 3197 1004 3252; x_wconf 88' lang='lat' dir='ltr'><strong>et</strong></span> <span class='ocrx_word' id='word_1_246' title='bbox 1025 3190 1186 3254; x_wconf 89' lang='lat' dir='ltr'><strong>Heiniobe·</strong></span> 
     </span>
     <span class='ocr_line' id='line_1_29' title="bbox 55 3289 1187 3378; baseline -0.004 -15"><span class='ocrx_word' id='word_1_247' title='bbox 55 3319 118 3364; x_wconf 90' lang='lat' dir='ltr'><strong>nus</strong></span> <span class='ocrx_word' id='word_1_248' title='bbox 136 3299 173 3360; x_wconf 90' lang='lat' dir='ltr'><strong>ad</strong></span> <span class='ocrx_word' id='word_1_249' title='bbox 196 3299 216 3362; x_wconf 89' lang='lat' dir='ltr'><strong>l.</strong></span> <span class='ocrx_word' id='word_1_250' title='bbox 239 3298 312 3361; x_wconf 80' lang='lat' dir='ltr'><strong>iius.</strong></span> <span class='ocrx_word' id='word_1_251' title='bbox 357 3300 395 3360; x_wconf 80' lang='lat' dir='ltr'><strong>At</strong></span> <span class='ocrx_word' id='word_1_252' title='bbox 420 3297 549 3377; x_wconf 89' lang='lat' dir='ltr'><strong>primum</strong></span> <span class='ocrx_word' id='word_1_253' title='bbox 578 3299 697 3378; x_wconf 86' lang='lat' dir='ltr'><strong>quidem</strong></span> <span class='ocrx_word' id='word_1_254' title='bbox 721 3315 861 3377; x_wconf 79' lang='lat' dir='ltr'><strong>graecum</strong></span> <span class='ocrx_word' id='word_1_255' title='bbox 888 3294 941 3360; x_wconf 85' lang='grc' dir='ltr'><strong><em>καὶ</em></strong></span> <span class='ocrx_word' id='word_1_256' title='bbox 969 3295 1047 3358; x_wconf 89' lang='lat' dir='ltr'><strong>iuter</strong></span> <span class='ocrx_word' id='word_1_257' title='bbox 1075 3289 1187 3359; x_wconf 78' lang='grc' dir='ltr'><strong><em>σαιὶὶὶκ</em></strong></span> 
     </span>
     <span class='ocr_line' id='line_1_30' title="bbox 54 3395 1186 3480; baseline -0.006 -17"><span class='ocrx_word' id='word_1_258' title='bbox 54 3410 88 3463; x_wconf 91' lang='lat' dir='ltr'><strong>et</strong></span> <span class='ocrx_word' id='word_1_259' title='bbox 111 3395 230 3480; x_wconf 80' lang='grc' dir='ltr'><strong><em>τιίζλιοὶμ</em></strong></span> <span class='ocrx_word' id='word_1_260' title='bbox 250 3402 359 3462; x_wconf 89' lang='lat' dir='ltr'><strong>mirum</strong></span> <span class='ocrx_word' id='word_1_261' title='bbox 382 3408 471 3463; x_wconf 91' lang='lat' dir='ltr'><strong>esset.</strong></span> <span class='ocrx_word' id='word_1_262' title='bbox 517 3401 611 3462; x_wconf 91' lang='lat' dir='ltr'><strong>Porro</strong></span> <span class='ocrx_word' id='word_1_263' title='bbox 633 3398 706 3480; x_wconf 83' lang='grc' dir='ltr'><strong><em>λιιὶμ</em></strong></span> <span class='ocrx_word' id='word_1_264' title='bbox 728 3400 803 3462; x_wconf 91' lang='lat' dir='ltr'><strong>nibil</strong></span> <span class='ocrx_word' id='word_1_265' title='bbox 833 3408 878 3462; x_wconf 90' lang='lat' dir='ltr'><strong>est</strong></span> <span class='ocrx_word' id='word_1_266' title='bbox 907 3399 1103 3460; x_wconf 88' lang='lat' dir='ltr'><strong>in.sermone</strong></span> <span class='ocrx_word' id='word_1_267' title='bbox 1125 3395 1186 3458; x_wconf 87' lang='lat' dir='ltr'><strong>He·</strong></span> 
     </span>
     <span class='ocr_line' id='line_1_31' title="bbox 51 3497 1268 3580; baseline -0.006 -12"><span class='ocrx_word' id='word_1_268' title='bbox 51 3502 169 3578; x_wconf 90' lang='lat' dir='ltr'><strong>braico,</strong></span> <span class='ocrx_word' id='word_1_269' title='bbox 190 3501 226 3564; x_wconf 91' lang='lat' dir='ltr'><strong>ad</strong></span> <span class='ocrx_word' id='word_1_270' title='bbox 248 3502 404 3564; x_wconf 87' lang='lat' dir='ltr'><strong>minimum</strong></span> <span class='ocrx_word' id='word_1_271' title='bbox 430 3511 494 3566; x_wconf 91' lang='lat' dir='ltr'><strong>erat</strong></span> <span class='ocrx_word' id='word_1_272' title='bbox 523 3501 715 3564; x_wconf 87' lang='lat' dir='ltr'><strong>scribendum</strong></span> <span class='ocrx_word' id='word_1_273' title='bbox 735 3497 819 3580; x_wconf 78' lang='grc' dir='ltr'><strong><em>λαύμ</em></strong></span> <span class='ocrx_word' id='word_1_274' title='bbox 842 3520 875 3562; x_wconf 91' lang='lat' dir='ltr'><strong>ea</strong></span> <span class='ocrx_word' id='word_1_275' title='bbox 897 3501 1012 3562; x_wconf 89' lang='lat' dir='ltr'><strong>ratione</strong></span> <span class='ocrx_word' id='word_1_276' title='bbox 1035 3517 1092 3580; x_wconf 89' lang='lat' dir='ltr'><strong>qua</strong></span> <span class='ocrx_word' id='word_1_277' title='bbox 1115 3499 1187 3562; x_wconf 88' lang='lat' dir='ltr'><strong>sbva</strong></span> <span class='ocrx_word' id='word_1_278' title='bbox 1265 3561 1268 3567; x_wconf 87' lang='grc'><em>,</em></span> 
     </span>
     <span class='ocr_line' id='line_1_32' title="bbox 52 3599 1187 3686; baseline -0.005 -18"><span class='ocrx_word' id='word_1_279' title='bbox 52 3623 165 3685; x_wconf 75' lang='lat' dir='ltr'><strong>graeco</strong></span> <span class='ocrx_word' id='word_1_280' title='bbox 186 3605 311 3686; x_wconf 84' lang='lat' dir='ltr'><strong>exprimi</strong></span> <span class='ocrx_word' id='word_1_281' title='bbox 332 3604 453 3666; x_wconf 85' lang='lat' dir='ltr'><strong>solebat.</strong></span> <span class='ocrx_word' id='word_1_282' title='bbox 499 3604 584 3678; x_wconf 83' lang='lat' dir='ltr'><strong>Quod</strong></span> <span class='ocrx_word' id='word_1_283' title='bbox 607 3602 633 3666; x_wconf 92' lang='lat' dir='ltr'><strong>si</strong></span> <span class='ocrx_word' id='word_1_284' title='bbox 661 3602 836 3681; x_wconf 87' lang='lat' dir='ltr'><strong>scripsisset</strong></span> <span class='ocrx_word' id='word_1_285' title='bbox 855 3601 1013 3669; x_wconf 85' lang='lat' dir='ltr'><strong>Fullerus,</strong></span> <span class='ocrx_word' id='word_1_286' title='bbox 1044 3599 1187 3662; x_wconf 87' lang='lat' dir='ltr'><strong>intactum</strong></span> 
     </span>
    </p>
   </div>
   <div class='ocr_carea' id='block_1_3' title="bbox 53 3701 1291 3786">
    <p class='ocr_par' dir='ltr' id='par_1_3' title="bbox 53 3701 1291 3786">
     <span class='ocr_line' id='line_1_33' title="bbox 53 3701 1291 3786; baseline 0 -18"><span class='ocrx_word' id='word_1_287' title='bbox 53 3706 230 3785; x_wconf 88' lang='lat' dir='ltr'><strong>relinquere</strong></span> <span class='ocrx_word' id='word_1_288' title='bbox 252 3705 398 3786; x_wconf 85' lang='lat' dir='ltr'><strong>potuisset</strong></span> <span class='ocrx_word' id='word_1_289' title='bbox 419 3704 556 3768; x_wconf 84' lang='lat' dir='ltr'><strong>voculam</strong></span> <span class='ocrx_word' id='word_1_290' title='bbox 570 3706 625 3770; x_wconf 83' lang='grc' dir='ltr'><strong><em>τού</em></strong></span> <span class='ocrx_word' id='word_1_291' title='bbox 645 3713 713 3767; x_wconf 88' lang='lat' dir='ltr'><strong>ante</strong></span> <span class='ocrx_word' id='word_1_292' title='bbox 735 3701 823 3780; x_wconf 77' lang='grc' dir='ltr'><strong><em>λαοῦ,</em></strong></span> <span class='ocrx_word' id='word_1_293' title='bbox 842 3721 911 3766; x_wconf 89' lang='lat' dir='ltr'><strong>nam</strong></span> <span class='ocrx_word' id='word_1_294' title='bbox 932 3701 1017 3784; x_wconf 85' lang='grc' dir='ltr'><strong><em>λαοὶμ</em></strong></span> <span class='ocrx_word' id='word_1_295' title='bbox 1039 3710 1084 3766; x_wconf 91' lang='lat' dir='ltr'><strong>est</strong></span> <span class='ocrx_word' id='word_1_296' title='bbox 1098 3701 1186 3768; x_wconf 86' lang='lat' dir='ltr'><strong>etiam</strong></span> <span class='ocrx_word' id='word_1_297' title='bbox 1287 3712 1291 3719; x_wconf 88' lang='lat'>&#39;</span> 
     </span>
    </p>
   </div>
   <div class='ocr_carea' id='block_1_4' title="bbox 54 3799 1187 4298">
    <p class='ocr_par' dir='ltr' id='par_1_4' title="bbox 54 3799 1187 4298">
     <span class='ocr_line' id='line_1_34' title="bbox 54 3799 1186 3891; baseline 0.001 -21"><span class='ocrx_word' id='word_1_298' title='bbox 54 3809 154 3870; x_wconf 80' lang='lat' dir='ltr'><strong>forma</strong></span> <span class='ocrx_word' id='word_1_299' title='bbox 178 3799 321 3870; x_wconf 70' lang='lat' dir='ltr'><strong>definita.¹</strong></span> <span class='ocrx_word' id='word_1_300' title='bbox 354 3807 432 3884; x_wconf 87' lang='lat' dir='ltr'><strong>Quid</strong></span> <span class='ocrx_word' id='word_1_301' title='bbox 456 3807 534 3888; x_wconf 90' lang='lat' dir='ltr'><strong>quod</strong></span> <span class='ocrx_word' id='word_1_302' title='bbox 559 3807 680 3870; x_wconf 89' lang='lat' dir='ltr'><strong>omuino</strong></span> <span class='ocrx_word' id='word_1_303' title='bbox 709 3807 739 3868; x_wconf 90' lang='lat' dir='ltr'><strong>in</strong></span> <span class='ocrx_word' id='word_1_304' title='bbox 758 3807 860 3869; x_wconf 87' lang='lat' dir='ltr'><strong>vorbis</strong></span> <span class='ocrx_word' id='word_1_305' title='bbox 882 3802 1008 3891; x_wconf 75' lang='grc' dir='ltr'><strong><em>περιοχὴ</em></strong></span> <span class='ocrx_word' id='word_1_306' title='bbox 1029 3808 1084 3872; x_wconf 78' lang='grc' dir='ltr'><strong><em>τού</em></strong></span> <span class='ocrx_word' id='word_1_307' title='bbox 1107 3801 1186 3870; x_wconf 78' lang='grc' dir='ltr'><strong><em>λαοῦ</em></strong></span> 
     </span>
     <span class='ocr_line' id='line_1_35' title="bbox 54 3907 1186 3996; baseline -0.009 -16"><span class='ocrx_word' id='word_1_308' title='bbox 54 3913 109 3980; x_wconf 88' lang='grc' dir='ltr'><strong><em>καὶ</em></strong></span> <span class='ocrx_word' id='word_1_309' title='bbox 130 3910 308 3996; x_wconf 86' lang='grc' dir='ltr'><strong><em>ιὶικαιοοννη</em></strong></span> <span class='ocrx_word' id='word_1_310' title='bbox 333 3913 364 3974; x_wconf 89' lang='lat' dir='ltr'><strong>in</strong></span> <span class='ocrx_word' id='word_1_311' title='bbox 392 3914 500 3994; x_wconf 90' lang='lat' dir='ltr'><strong>quibus</strong></span> <span class='ocrx_word' id='word_1_312' title='bbox 528 3922 561 3978; x_wconf 90' lang='lat' dir='ltr'><strong>ut</strong></span> <span class='ocrx_word' id='word_1_313' title='bbox 590 3911 705 3991; x_wconf 78' lang='lat' dir='ltr'><strong>graecis</strong></span> <span class='ocrx_word' id='word_1_314' title='bbox 736 3930 820 3974; x_wconf 90' lang='lat' dir='ltr'><strong>error</strong></span> <span class='ocrx_word' id='word_1_315' title='bbox 842 3910 966 3972; x_wconf 90' lang='lat' dir='ltr'><strong>minime</strong></span> <span class='ocrx_word' id='word_1_316' title='bbox 997 3907 1186 3988; x_wconf 86' lang='lat' dir='ltr'><strong>quaerendus</strong></span> 
     </span>
     <span class='ocr_line' id='line_1_36' title="bbox 54 4005 1186 4088; baseline -0.011 -10"><span class='ocrx_word' id='word_1_317' title='bbox 54 4025 121 4088; x_wconf 87' lang='lat' dir='ltr'><strong>est,</strong></span> <span class='ocrx_word' id='word_1_318' title='bbox 152 4021 231 4078; x_wconf 79' lang='grc' dir='ltr'><strong><em>ὶοιιίο</em></strong></span> <span class='ocrx_word' id='word_1_319' title='bbox 257 4015 387 4078; x_wconf 87' lang='lat' dir='ltr'><strong>mutavit.</strong></span> <span class='ocrx_word' id='word_1_320' title='bbox 433 4016 479 4077; x_wconf 87' lang='lat' dir='ltr'><strong>Sit</strong></span> <span class='ocrx_word' id='word_1_321' title='bbox 506 4024 604 4078; x_wconf 87' lang='lat' dir='ltr'><strong>tamen</strong></span> <span class='ocrx_word' id='word_1_322' title='bbox 632 4022 663 4082; x_wconf 84' lang='lat' dir='ltr'><strong>et</strong></span> <span class='ocrx_word' id='word_1_323' title='bbox 690 4013 836 4076; x_wconf 85' lang='lat' dir='ltr'><strong>scribatur</strong></span> <span class='ocrx_word' id='word_1_324' title='bbox 868 4010 987 4072; x_wconf 89' lang='lat' dir='ltr'><strong>mutatis</strong></span> <span class='ocrx_word' id='word_1_325' title='bbox 1017 4005 1186 4072; x_wconf 72' lang='lat' dir='ltr'><strong>iucundis:</strong></span> 
     </span>
     <span class='ocr_line' id='line_1_37' title="bbox 54 4105 1187 4200; baseline -0.009 -18"><span class='ocrx_word' id='word_1_326' title='bbox 54 4111 175 4182; x_wconf 86' lang='grc' dir='ltr'><strong><em>σαιὶιὶὶκ</em></strong></span> <span class='ocrx_word' id='word_1_327' title='bbox 190 4112 353 4196; x_wconf 78' lang='grc' dir='ltr'><strong><em>ούονζλαοὶμ</em></strong></span> <span class='ocrx_word' id='word_1_328' title='bbox 374 4107 491 4182; x_wconf 70' lang='lat' dir='ltr'><strong>iiiam</strong></span> <span class='ocrx_word' id='word_1_329' title='bbox 503 4115 655 4200; x_wconf 78' lang='grc' dir='ltr'><strong><em>ἑλληνιστὶ</em></strong></span> <span class='ocrx_word' id='word_1_330' title='bbox 677 4112 796 4190; x_wconf 67' lang='lat' dir='ltr'><strong>stanton</strong></span> <span class='ocrx_word' id='word_1_331' title='bbox 817 4114 868 4180; x_wconf 90' lang='grc' dir='ltr'><strong><em>καὶ</em></strong></span> <span class='ocrx_word' id='word_1_332' title='bbox 889 4109 1017 4197; x_wconf 73' lang='grc' dir='ltr'><strong><em>περιοχὴ</em></strong></span> <span class='ocrx_word' id='word_1_333' title='bbox 1036 4111 1093 4176; x_wconf 78' lang='grc' dir='ltr'><strong><em>τοῦ</em></strong></span> <span class='ocrx_word' id='word_1_334' title='bbox 1109 4105 1187 4176; x_wconf 78' lang='grc' dir='ltr'><strong><em>λαοὶ</em></strong></span> 
     </span>
     <span class='ocr_line' id='line_1_38' title="bbox 58 4210 1186 4298; baseline -0.007 -19"><span class='ocrx_word' id='word_1_335' title='bbox 58 4251 103 4266; x_wconf 92' lang='lat'><strong>·-</strong></span> <span class='ocrx_word' id='word_1_336' title='bbox 126 4236 185 4298; x_wconf 84' lang='lat' dir='ltr'><strong>qun</strong></span> <span class='ocrx_word' id='word_1_337' title='bbox 223 4219 342 4282; x_wconf 88' lang='lat' dir='ltr'><strong>tandem</strong></span> <span class='ocrx_word' id='word_1_338' title='bbox 376 4219 588 4298; x_wconf 87' lang='lat' dir='ltr'><strong>prophetarum</strong></span> <span class='ocrx_word' id='word_1_339' title='bbox 616 4218 682 4280; x_wconf 88' lang='lat' dir='ltr'><strong>loco</strong></span> <span class='ocrx_word' id='word_1_340' title='bbox 702 4217 773 4280; x_wconf 81' lang='lat' dir='ltr'><strong>boc</strong></span> <span class='ocrx_word' id='word_1_341' title='bbox 803 4212 939 4278; x_wconf 77' lang='lat' dir='ltr'><strong>dicitur?</strong></span> <span class='ocrx_word' id='word_1_342' title='bbox 982 4210 1186 4275; x_wconf 85' lang='lat' dir='ltr'><strong>Heinichenus</strong></span> 
     </span>
    </p>
   </div>
   <div class='ocr_carea' id='block_1_5' title="bbox 56 4315 1187 4514">
    <p class='ocr_par' dir='ltr' id='par_1_5' title="bbox 56 4315 1187 4514">
     <span class='ocr_line' id='line_1_39' title="bbox 56 4315 1187 4402; baseline -0.005 -18"><span class='ocrx_word' id='word_1_343' title='bbox 56 4321 214 4384; x_wconf 83' lang='lat' dir='ltr'><strong>Futierum</strong></span> <span class='ocrx_word' id='word_1_344' title='bbox 237 4341 254 4383; x_wconf 91' lang='lat' dir='ltr'><strong>e</strong></span> <span class='ocrx_word' id='word_1_345' title='bbox 275 4322 388 4402; x_wconf 84' lang='lat' dir='ltr'><strong>psalmo</strong></span> <span class='ocrx_word' id='word_1_346' title='bbox 406 4324 483 4398; x_wconf 83' lang='lat' dir='ltr'>XXI,</span> <span class='ocrx_word' id='word_1_347' title='bbox 507 4322 548 4385; x_wconf 87' lang='grc'><strong>14</strong></span> <span class='ocrx_word' id='word_1_348' title='bbox 569 4323 735 4401; x_wconf 89' lang='lat' dir='ltr'><strong>sumpsisse</strong></span> <span class='ocrx_word' id='word_1_349' title='bbox 757 4319 838 4383; x_wconf 89' lang='lat' dir='ltr'><strong>dicit.</strong></span> <span class='ocrx_word' id='word_1_350' title='bbox 883 4319 926 4380; x_wconf 88' lang='lat' dir='ltr'><strong>ibi</strong></span> <span class='ocrx_word' id='word_1_351' title='bbox 949 4329 982 4384; x_wconf 73' lang='lat' dir='ltr'><strong>ts</strong></span> <span class='ocrx_word' id='word_1_352' title='bbox 1001 4316 1120 4398; x_wconf 90' lang='lat' dir='ltr'><strong>quidem</strong></span> <span class='ocrx_word' id='word_1_353' title='bbox 1142 4315 1187 4378; x_wconf 92' lang='lat' dir='ltr'><strong>le-</strong></span> 
     </span>
     <span class='ocr_line' id='line_1_40' title="bbox 56 4424 1186 4514; baseline -0.01 -22"><span class='ocrx_word' id='word_1_354' title='bbox 56 4427 141 4508; x_wconf 75' lang='lat' dir='ltr'><strong>gitur</strong></span> <span class='ocrx_word' id='word_1_355' title='bbox 162 4424 216 4488; x_wconf 89' lang='lat' dir='ltr'><strong>sed</strong></span> <span class='ocrx_word' id='word_1_356' title='bbox 238 4443 306 4490; x_wconf 89' lang='lat' dir='ltr'><strong>cum</strong></span> <span class='ocrx_word' id='word_1_357' title='bbox 329 4426 496 4492; x_wconf 80' lang='lat' dir='ltr'><strong>recensita</strong></span> <span class='ocrx_word' id='word_1_358' title='bbox 519 4433 618 4490; x_wconf 88' lang='lat' dir='ltr'><strong>senet:</strong></span> <span class='ocrx_word' id='word_1_359' title='bbox 640 4437 753 4494; x_wconf 60' lang='lat' dir='ltr'><strong>mourut</strong></span> <span class='ocrx_word' id='word_1_360' title='bbox 777 4434 878 4490; x_wconf 59' lang='lat' dir='ltr'><strong>marus</strong></span> <span class='ocrx_word' id='word_1_361' title='bbox 903 4432 980 4514; x_wconf 71' lang='lat' dir='ltr'><strong>&#39;pisa</strong></span> <span class='ocrx_word' id='word_1_362' title='bbox 1003 4433 1077 4488; x_wconf 61' lang='lat' dir='ltr'><strong>rnrer</strong></span> <span class='ocrx_word' id='word_1_363' title='bbox 1101 4430 1186 4486; x_wconf 71' lang='lat' dir='ltr'><strong>mnan</strong></span> 
     </span>
    </p>
   </div>
   <div class='ocr_carea' id='block_1_6' title="bbox 0 0 1454 5054">
    <p class='ocr_par' dir='ltr' id='par_1_6' title="bbox 0 0 1454 5054">
     <span class='ocr_line' id='line_1_41' title="bbox 0 0 1454 5054; baseline 0 0"><span class='ocrx_word' id='word_1_364' title='bbox 0 0 1454 5054; x_wconf 95' lang='lat' dir='ltr'><strong> </strong></span> 
     </span>
    </p>
   </div>
  </div>
 </body>
</html>
