2900 5054
278 547 383 593 vorare
406 525 471 590 sed'
487 523 570 587 ri'ros
593 524 761 587 interlicere
783 519 932 596 ridentur,
955 519 991 582 ad
1014 519 1149 582 homines
1173 537 1223 582 eas
1243 519 1393 582 bestiarum

278 637 372 697 instar
393 632 526 693 viventes
557 638 587 692 et
616 631 750 691 furentes
777 629 898 690 reseras.
946 628 982 689 m
1004 625 1152 707 quomodo
1181 625 1273 689 lroscc
1303 627 1340 689 ab
1364 627 1393 688 iis

279 753 353 815 quos
374 733 430 795 sub
458 731 557 813 equite
580 740 684 812 quarto
705 731 880 810 significarit
903 729 1082 803 distinxerit,
1105 749 1176 791 sane
1200 737 1247 790 est
1269 725 1395 812 δοσπαρ

279 828 509 915 ακολοίθητον.

380 931 465 994 Licet
486 949 556 994 vero
579 940 705 1013 uterque
728 931 857 1012 scriptor
879 951 930 994 eas
951 952 1001 995 res
1024 952 1097 1014 quas
1120 935 1346 1014 percensuimus
1360 937 1395 996 al-

279 1037 362 1110 ferat,
386 1055 491 1116 magna
514 1035 660 1098 tamenin
685 1036 858 1116 exponenda
881 1035 950 1098 lrelli
975 1055 1064 1098 causa
1086 1036 1165 1098 intcr
1184 1045 1334 1099 auctorem
1356 1037 1395 1098 lu·

280 1139 385 1198 dacum
409 1147 437 1199 et
455 1146 550 1199 vatem
573 1137 774 1200 Christianum
797 1148 919 1219 apparet
941 1138 1119 1200 differentia.
1163 1140 1220 1203 Hic
1236 1142 1316 1202 enim
1339 1161 1396 1203 cun

280 1246 309 1298 et
332 1237 415 1315 ipsos
443 1237 560 1317 equites
591 1238 737 1317 puniendi
763 1257 849 1301 causa
883 1257 1021 1318 egressos
1045 1259 1114 1303 esso
1137 1241 1335 1324 intellegeret,
1357 1245 1404 1320 illc,

279 1349 381 1403 contra
401 1361 460 1402 non
485 1361 519 1404 eo
542 1361 638 1422 usque
662 1342 841 1422 cognitionis
862 1362 1043 1423 progressus
1068 1345 1271 1408 videturesse
1297 1347 1350 1409 sed
1373 1347 1397 1407 in

279 1463 312 1505 ea
335 1445 470 1507 substitit
490 1446 637 1507 sententia
660 1454 701 1519 ut,
728 1433 915 1510 miseriarum
940 1445 1055 1510 illarum
1073 1450 1221 1528 originem
1240 1470 1299 1512 non
1318 1452 1397 1513 altius

278 1557 466 1628 prosecutus,
492 1550 605 1612 scelera
629 1567 679 1610 eas
703 1569 771 1612 esse
789 1551 956 1612 declararet
974 1551 1083 1631 quibus
1106 1571 1200 1631 paena
1224 1553 1323 1614 divina
1347 1573 1398 1614 non

279 1651 415 1712 defutura
439 1651 545 1713 fuisset
568 1670 653 1732 quam
678 1652 796 1730 quidem
822 1672 858 1714 ex
882 1652 960 1714 bello
985 1654 1064 1715 latali
1083 1654 1134 1716 illo
1157 1655 1276 1716 initium
1299 1675 1398 1734 capere
1433 1689 1434 1736 q

279 1755 404 1816 censuit.
449 1755 506 1818 Eas
538 1756 617 1817 enim
641 1774 714 1837 quas
744 1756 873 1836 populus
906 1775 971 1818 curn
994 1757 1145 1818 Christum
1173 1758 1254 1819 cruci
1275 1757 1400 1836 alligeret
1433 1783 1434 1860 q

279 1865 456 1936 conceperat
484 1859 606 1920 fraudes
636 1858 833 1938 inexpiabiles
857 1859 930 1920 adeo
962 1879 1020 1920 non
1051 1870 1229 1939 cognoverat
1250 1867 1284 1920 ut
1305 1867 1401 1939 posset
1433 1871 1434 1894 ι

280 1957 381 2019 dicere
403 1959 479 2034 (XX,
497 1957 527 2032 9,
540 1957 605 2033 4.):
628 1959 659 2034 ἐξ
679 1961 791 2023 ἐκείνου
811 1955 945 2038 μάλιστα
961 1964 1014 2024 τοῦ
1036 1964 1143 2040 καιροῦ
1164 1966 1224 2038 (sc.
1241 1980 1309 2022 curn
1327 1969 1401 2022 uler-

279 2077 337 2139 que
362 2061 495 2139 pontifex
517 2060 602 2122 lesus
624 2060 698 2121 alter
720 2060 859 2122 llamnaei
889 2060 963 2122 alter
985 2062 1153 2123 Gamalielis
1176 2063 1254 2124 filius
1275 2063 1401 2126 concita-

278 2163 376 2226 tiones
398 2175 532 2226 moveret
549 2165 604 2228 sub
628 2163 749 2240 Albino)
778 2165 890 2247 συνέβη
914 2162 969 2247 τὴν
990 2161 1082 2228 πόλιν
1103 2163 1187 2248 ἡμῶν
1208 2173 1310 2228 νοσεῖν
1332 2189 1403 2245 προ·
1434 2155 1435 2164 ’

279 2260 454 2330 κοπτόντων
476 2260 600 2330 πάντων
622 2264 671 2330 ἐπὶ
694 2261 729 2330 τὸ
749 2273 856 2348 χεῖρον.
903 2265 993 2340 Quasi
1021 2283 1056 2326 eo
1079 2283 1174 2345 usque
1196 2265 1304 2327 fuisset
1326 2283 1403 2327 sana.

278 2367 350 2428 Post
374 2367 472 2428 locum
495 2377 592 2429 autern
617 2385 704 2447 quern
729 2385 817 2446 supra
834 2367 968 2427 ultimum
985 2386 1018 2428 ex
1036 2385 1072 2427 eo
1089 2365 1238 2427 attulimus
1261 2365 1405 2427 adiicieus

245 2543 248 2548 Δ
278 2465 443 2546 Ιιραιιιοιίοε
468 2469 531 2548 pari
563 2468 650 2530 modo
681 2488 715 2530 ac
745 2468 916 2530 sacerdotes
945 2469 1052 2530 lineam
1082 2477 1194 2530 restem
1226 2470 1406 2531 concedente

278 2589 349 2651 rege
380 2555 437 2633 silai
467 2571 685 2650 assumpsisse,
722 2571 762 2631 ita
793 2571 891 2649 pergit
920 2569 1004 2644 (XX,
1028 2569 1063 2642 9,
1087 2569 1150 2642 6.):
1181 2563 1282 2632 ποίντα
1308 2565 1343 2633 δὲ
1375 2557 1406 2651 ἦν

277 2673 399 2735 ἐναντία
427 2673 527 2735 ταῦτα
557 2681 619 2746 τοῖς
647 2674 788 2750 πατρίοις
816 2659 858 2732 ὧν
893 2671 1145 2753 παραβαθέντων
1179 2665 1235 2733 οὐκ
1265 2671 1340 2750 ἐνῆν
1368 2665 1406 2752 pri

278 2767 343 2854 οὐχί
366 2768 452 2843 δίκας
472 2769 626 2855 ὑποσχεῖν.
672 2772 763 2846 Quasi
790 2771 857 2833 talia
881 2781 952 2833 tunc
978 2770 1024 2831 dei
1049 2770 1122 2832 iram
1150 2788 1268 2830 morere
1290 2769 1405 2847 potuis-

278 2881 353 2933 sent
398 2873 495 2946 Quare
520 2873 549 2934 in
579 2893 643 2935 eam
666 2893 753 2954 quam
775 2874 913 2936 malimus
936 2873 1115 2936 sententiam
1138 2891 1169 2933 ea
1191 2871 1331 2948 accipere
1356 2891 1407 2932 ne-

279 2977 397 3057 quimus
419 2996 495 3059 quae
510 2979 546 3039 ad
570 2979 669 3042 locum
687 2979 770 3039 illum
787 2978 915 3056 primum
938 2976 987 3035 uhi
1004 2975 1041 3034 de
1065 2973 1308 3035 interlectoribus
1333 2975 1407 3035 clam

251 3095 254 3102 ·
278 3079 382 3142 turbae
405 3072 542 3142 admiitis
566 3082 626 3159 agit
650 3079 763 3140 adiecta
789 3078 933 3155 legimus:
966 3071 1017 3137 διὰ
1044 3077 1137 3139 τοῦτο
1164 3069 1249 3154 οἶμαι
1278 3076 1332 3139 καὶ
1359 3075 1410 3141 τὸν

276 3176 352 3243 θεὸν
381 3175 555 3262 μισήσαντα
585 3175 638 3261 τὴν
669 3174 813 3260 ἀσέβειαν
841 3173 942 3242 αὐτῶν
976 3174 1214 3258 ἀποστραφῆναι
1236 3175 1293 3255 μὲν
1323 3175 1410 3261 ἡμῶν

277 3279 333 3365 τὴν
348 3275 440 3345 πόλιν
462 3278 496 3346 τὸ
516 3278 550 3346 δὲ
572 3279 651 3364 ἱερὸν
674 3277 777 3346 οὐκέτι
798 3275 943 3362 καθαρὸν
966 3274 1136 3362 οἰκητήριον
1157 3277 1241 3362 αὐτῷ
1262 3283 1411 3358 κρίναντα

275 3383 440 3465 Ῥωμαίους
459 3386 628 3464 ἐπαγαγεῖν
646 3381 720 3469 ἡμῖν
740 3382 792 3448 καί
815 3385 853 3476 τῇ
873 3376 960 3446 πόλει
982 3373 1161 3460 καθάρσιον
1182 3381 1242 3460 πῦρ
1264 3379 1318 3442 καί
1338 3378 1411 3444 dou-

276 3481 362 3549 λείαν
382 3482 541 3569 ἐπιβαλεῖν
563 3483 620 3549 σὺν
641 3483 762 3564 γυναιξί
783 3484 834 3548 καί
863 3487 994 3562 τέκνοις,
1023 3487 1211 3563 σωφρονίσαι
1233 3489 1302 3554 ταῖς
1327 3507 1410 3564 συμ-

276 3595 387 3668 φοραῖς
408 3581 598 3669 βουλόμενον
619 3585 708 3670 ἡμᾶς.
753 3587 856 3649 Severi
881 3587 971 3648 verba
1000 3593 1069 3648 suut
1095 3593 1125 3646 et
1149 3583 1348 3663 gravisum,
1385 3595 1413 3646 at

278 3694 435 3765 quantum,
463 3686 534 3747 licet
555 3687 745 3760 iucundiora,
770 3706 786 3748 a
809 3687 926 3748 loannis
950 3689 1060 3750 distant
1083 3687 1196 3748 iudicio
1219 3687 1274 3749 sub
1296 3689 1413 3769 sigillis

277 3789 432 3869 signisque
454 3796 593 3870 tanquam
615 3787 778 3852 taciturno!
799 3822 842 3836 -
885 3789 979 3851 Aliam
999 3789 1087 3851 nobis
1109 3789 1180 3851 belli
1196 3791 1345 3852 rationem
1366 3793 1413 3853 di-

276 3889 374 3951 vinam
394 3889 478 3952 affert
502 3890 699 3971 Hegesippus.
746 3892 803 3967 Qui
825 3900 983 3972 postquam
1005 3891 1104 3954 iacobi
1121 3891 1192 3954 iusti
1215 3910 1319 3954 necem
1339 3912 1413 3955 nar-

276 3995 360 4068 rarit,
384 3994 561 4074 simpliciter
582 3995 697 4057 adiicit:
721 3993 771 4062 καί
792 3991 889 4068 sidric
914 3991 1149 4067 Οὐεσπασιανὸς
1170 3991 1336 4074 πολιορκεῖ
1356 3994 1415 4060 αὖ·

276 4091 356 4169 τσίς.
400 4096 442 4157 Ac
470 4095 566 4158 simile
596 4097 668 4178 quid
692 4096 841 4159 Eusebius
871 4097 937 4178 (qui
960 4104 989 4158 et
1010 4096 1085 4159 illud
1113 4097 1239 4158 serravit
1266 4097 1296 4160 h.
1317 4115 1345 4159 e.
1375 4098 1412 4174 ll,

276 4195 344 4271 23.)
367 4199 500 4261 sensisse
522 4199 690 4263 offenditur.
734 4199 790 4262 Ubi
814 4199 893 4261 enim
924 4200 961 4260 de
983 4217 1018 4262 eo
1047 4198 1197 4279 loquitur,
1225 4199 1304 4280 quod
1331 4200 1413 4262 deus

276 4298 406 4378 benigne
429 4300 580 4364 interiecit
601 4302 681 4366 inter
704 4301 816 4366 Christi
848 4309 975 4364 mortem
1004 4307 1033 4362 ct
1062 4300 1198 4363 iudaicae
1220 4299 1415 4378 reipublicae

277 4400 474 4476 eversionem,
496 4403 668 4487 paenitendi
689 4405 785 4490 spatio
802 4422 947 4469 annorum
964 4404 1173 4488 quadraginta:
1196 4403 1230 4468 ἕν
1251 4393 1340 4480 droca
1367 4404 1415 4466 in·
