<?xml version="1.0" encoding="UTF-8"?>
<!DOCTYPE html PUBLIC "-//W3C//DTD XHTML 1.0 Transitional//EN"
    "http://www.w3.org/TR/xhtml1/DTD/xhtml1-transitional.dtd">
<html xmlns="http://www.w3.org/1999/xhtml" xml:lang="en" lang="en">
 <head>
  <title>
</title>
<meta http-equiv="Content-Type" content="text/html;charset=utf-8" />
  <meta name='ocr-system' content='tesseract 3.04.00' />
  <meta name='ocr-capabilities' content='ocr_page ocr_carea ocr_par ocr_line ocrx_word'/>
</head>
<body>
  <div class='ocr_page' id='page_1' title='image "./deapocalypsijoa00boehgoog_0064.png"; bbox 0 0 2900 5054; ppageno 0'>
   <div class='ocr_carea' id='block_1_1' title="bbox 614 325 655 394">
    <p class='ocr_par' dir='ltr' id='par_1_1' title="bbox 614 325 655 394">
     <span class='ocr_line' id='line_1_1' title="bbox 614 325 655 394; baseline 0.049 -2"><span class='ocrx_word' id='word_1_1' title='bbox 614 325 655 394; x_wconf 80' lang='lat'><strong>57</strong></span> 
     </span>
    </p>
   </div>
   <div class='ocr_carea' id='block_1_2' title="bbox 26 495 1261 4474">
    <p class='ocr_par' dir='ltr' id='par_1_2' title="bbox 26 495 1261 4474">
     <span class='ocr_line' id='line_1_2' title="bbox 69 495 1261 586; baseline 0.003 -28"><span class='ocrx_word' id='word_1_2' title='bbox 69 495 185 560; x_wconf 87' lang='lat' dir='ltr'><strong>Jerusb.</strong></span> <span class='ocrx_word' id='word_1_3' title='bbox 211 495 308 560; x_wconf 83' lang='lat' dir='ltr'><strong>dvoda</strong></span> <span class='ocrx_word' id='word_1_4' title='bbox 327 495 399 572; x_wconf 84' lang='lat' dir='ltr'><strong>Zara</strong></span> <span class='ocrx_word' id='word_1_5' title='bbox 416 496 462 561; x_wconf 92' lang='lat' dir='ltr'><strong>ed.</strong></span> <span class='ocrx_word' id='word_1_6' title='bbox 480 495 605 562; x_wconf 84' lang='lat' dir='ltr'><strong>Edzard.</strong></span> <span class='ocrx_word' id='word_1_7' title='bbox 626 517 655 578; x_wconf 87' lang='lat' dir='ltr'><strong>p.</strong></span> <span class='ocrx_word' id='word_1_8' title='bbox 677 497 729 560; x_wconf 84' lang='grc'><strong>81.</strong></span> <span class='ocrx_word' id='word_1_9' title='bbox 753 498 792 560; x_wconf 85' lang='lat' dir='ltr'><strong>cl.</strong></span> <span class='ocrx_word' id='word_1_10' title='bbox 815 515 844 576; x_wconf 88' lang='lat' dir='ltr'><strong>p.</strong></span> <span class='ocrx_word' id='word_1_11' title='bbox 865 495 938 560; x_wconf 83' lang='lat' dir='ltr'><strong>tot.</strong></span> <span class='ocrx_word' id='word_1_12' title='bbox 983 498 1041 560; x_wconf 84' lang='lat' dir='ltr'><strong>Sed</strong></span> <span class='ocrx_word' id='word_1_13' title='bbox 1065 517 1133 561; x_wconf 89' lang='lat' dir='ltr'><strong>oum</strong></span> <span class='ocrx_word' id='word_1_14' title='bbox 1156 498 1194 561; x_wconf 87' lang='lat' dir='ltr'><strong>de</strong></span> <span class='ocrx_word' id='word_1_15' title='bbox 1257 579 1261 586; x_wconf 18' lang='grc' dir='ltr'>ι</span> 
     </span>
     <span class='ocr_line' id='line_1_3' title="bbox 27 595 1197 682; baseline 0.007 -24"><span class='ocrx_word' id='word_1_16' title='bbox 27 673 28 682; x_wconf 14' lang='lat'>¹</span> <span class='ocrx_word' id='word_1_17' title='bbox 70 598 190 660; x_wconf 89' lang='lat' dir='ltr'><strong>nomine</strong></span> <span class='ocrx_word' id='word_1_18' title='bbox 210 598 332 678; x_wconf 90' lang='lat' dir='ltr'><strong>proprio</strong></span> <span class='ocrx_word' id='word_1_19' title='bbox 359 607 462 677; x_wconf 85' lang='lat' dir='ltr'><strong>agatur</strong></span> <span class='ocrx_word' id='word_1_20' title='bbox 489 599 574 678; x_wconf 92' lang='lat' dir='ltr'><strong>ponit</strong></span> <span class='ocrx_word' id='word_1_21' title='bbox 596 595 750 680; x_wconf 75' lang='grc' dir='ltr'><strong><em>’Ἄψινθος</em></strong></span> <span class='ocrx_word' id='word_1_22' title='bbox 778 601 857 680; x_wconf 90' lang='lat' dir='ltr'><strong>quod</strong></span> <span class='ocrx_word' id='word_1_23' title='bbox 878 601 1051 664; x_wconf 81' lang='lat' dir='ltr'><strong>vocabulum</strong></span> <span class='ocrx_word' id='word_1_24' title='bbox 1074 610 1121 664; x_wconf 88' lang='lat' dir='ltr'><strong>est</strong></span> <span class='ocrx_word' id='word_1_25' title='bbox 1141 621 1197 666; x_wconf 61' lang='lat' dir='ltr'><strong>nov</strong></span> 
     </span>
     <span class='ocr_line' id='line_1_4' title="bbox 26 683 1196 783; baseline 0.003 -21"><span class='ocrx_word' id='word_1_26' title='bbox 26 683 29 737; x_wconf 82' lang='lat' dir='ltr'><strong>l</strong></span> <span class='ocrx_word' id='word_1_27' title='bbox 69 719 138 762; x_wconf 89' lang='lat' dir='ltr'><strong>men</strong></span> <span class='ocrx_word' id='word_1_28' title='bbox 161 699 246 765; x_wconf 89' lang='lat' dir='ltr'><strong>urbis</strong></span> <span class='ocrx_word' id='word_1_29' title='bbox 266 708 295 762; x_wconf 88' lang='lat' dir='ltr'><strong>et</strong></span> <span class='ocrx_word' id='word_1_30' title='bbox 323 700 404 762; x_wconf 85' lang='lat' dir='ltr'><strong>duvii</strong></span> <span class='ocrx_word' id='word_1_31' title='bbox 434 702 465 761; x_wconf 91' lang='lat' dir='ltr'><strong>in</strong></span> <span class='ocrx_word' id='word_1_32' title='bbox 488 708 567 782; x_wconf 82' lang='lat' dir='ltr'><strong>terra</strong></span> <span class='ocrx_word' id='word_1_33' title='bbox 590 701 782 766; x_wconf 86' lang='lat' dir='ltr'><strong>Thraeorum.</strong></span> <span class='ocrx_word' id='word_1_34' title='bbox 830 703 872 766; x_wconf 83' lang='lat' dir='ltr'><strong>iia</strong></span> <span class='ocrx_word' id='word_1_35' title='bbox 898 721 1040 783; x_wconf 85' lang='lat' dir='ltr'><strong>aquarum</strong></span> <span class='ocrx_word' id='word_1_36' title='bbox 1061 721 1196 766; x_wconf 77' lang='lat' dir='ltr'><strong>commu.-</strong></span> 
     </span>
     <span class='ocr_line' id='line_1_5' title="bbox 70 803 1196 883; baseline 0.004 -17"><span class='ocrx_word' id='word_1_37' title='bbox 70 805 179 866; x_wconf 89' lang='lat' dir='ltr'><strong>tatione</strong></span> <span class='ocrx_word' id='word_1_38' title='bbox 199 823 259 866; x_wconf 93' lang='lat' dir='ltr'><strong>non</strong></span> <span class='ocrx_word' id='word_1_39' title='bbox 281 811 348 883; x_wconf 87' lang='lat' dir='ltr'><strong>apte</strong></span> <span class='ocrx_word' id='word_1_40' title='bbox 370 804 521 866; x_wconf 90' lang='lat' dir='ltr'><strong>Herderus</strong></span> <span class='ocrx_word' id='word_1_41' title='bbox 544 805 635 868; x_wconf 84' lang='lat' dir='ltr'><strong>Exod.</strong></span> <span class='ocrx_word' id='word_1_42' title='bbox 659 805 725 878; x_wconf 87' lang='lat' dir='ltr'><strong>XV,</strong></span> <span class='ocrx_word' id='word_1_43' title='bbox 747 803 789 866; x_wconf 78' lang='lat'><strong>23</strong></span> <span class='ocrx_word' id='word_1_44' title='bbox 813 807 954 868; x_wconf 88' lang='lat' dir='ltr'><strong>eontulit:</strong></span> <span class='ocrx_word' id='word_1_45' title='bbox 986 807 1027 868; x_wconf 90' lang='lat' dir='ltr'><strong>ibi</strong></span> <span class='ocrx_word' id='word_1_46' title='bbox 1055 808 1136 869; x_wconf 88' lang='lat' dir='ltr'><strong>enirn</strong></span> <span class='ocrx_word' id='word_1_47' title='bbox 1159 809 1196 871; x_wconf 89' lang='lat' dir='ltr'><strong>da</strong></span> 
     </span>
     <span class='ocr_line' id='line_1_6' title="bbox 69 907 1196 989; baseline 0.002 -19"><span class='ocrx_word' id='word_1_48' title='bbox 69 927 144 988; x_wconf 87' lang='lat' dir='ltr'><strong>aqua</strong></span> <span class='ocrx_word' id='word_1_49' title='bbox 166 925 265 970; x_wconf 89' lang='lat' dir='ltr'><strong>amara</strong></span> <span class='ocrx_word' id='word_1_50' title='bbox 285 907 381 986; x_wconf 82' lang='lat' dir='ltr'><strong>agitur</strong></span> <span class='ocrx_word' id='word_1_51' title='bbox 405 925 479 987; x_wconf 90' lang='lat' dir='ltr'><strong>quae</strong></span> <span class='ocrx_word' id='word_1_52' title='bbox 501 907 597 970; x_wconf 89' lang='lat' dir='ltr'><strong>dulcis</strong></span> <span class='ocrx_word' id='word_1_53' title='bbox 619 909 694 970; x_wconf 86' lang='lat' dir='ltr'><strong>lacta</strong></span> <span class='ocrx_word' id='word_1_54' title='bbox 718 916 774 981; x_wconf 88' lang='lat' dir='ltr'><strong>est,</strong></span> <span class='ocrx_word' id='word_1_55' title='bbox 797 907 847 970; x_wconf 89' lang='lat' dir='ltr'><strong>bic</strong></span> <span class='ocrx_word' id='word_1_56' title='bbox 870 909 908 970; x_wconf 91' lang='lat' dir='ltr'><strong>de</strong></span> <span class='ocrx_word' id='word_1_57' title='bbox 930 908 1010 970; x_wconf 83' lang='lat' dir='ltr'><strong>dttloi</strong></span> <span class='ocrx_word' id='word_1_58' title='bbox 1025 927 1101 989; x_wconf 91' lang='lat' dir='ltr'><strong>quae</strong></span> <span class='ocrx_word' id='word_1_59' title='bbox 1116 924 1196 972; x_wconf 81' lang='lat' dir='ltr'><strong>ama-</strong></span> 
     </span>
     <span class='ocr_line' id='line_1_7' title="bbox 68 1009 1194 1090; baseline 0 -18"><span class='ocrx_word' id='word_1_60' title='bbox 68 1010 168 1073; x_wconf 88' lang='lat' dir='ltr'><strong>rescit.</strong></span> <span class='ocrx_word' id='word_1_61' title='bbox 214 1010 368 1090; x_wconf 73' lang='lat' dir='ltr'><strong>adquam</strong></span> <span class='ocrx_word' id='word_1_62' title='bbox 398 1027 461 1070; x_wconf 90' lang='lat' dir='ltr'><strong>rcrn</strong></span> <span class='ocrx_word' id='word_1_63' title='bbox 486 1009 559 1072; x_wconf 89' lang='lat' dir='ltr'><strong>baec</strong></span> <span class='ocrx_word' id='word_1_64' title='bbox 589 1009 847 1072; x_wconf 85' lang='lat' dir='ltr'><strong>animadvertenda</strong></span> <span class='ocrx_word' id='word_1_65' title='bbox 878 1028 945 1072; x_wconf 90' lang='lat' dir='ltr'><strong>essa</strong></span> <span class='ocrx_word' id='word_1_66' title='bbox 969 1009 1119 1072; x_wconf 83' lang='lat' dir='ltr'><strong>ridentur.</strong></span> <span class='ocrx_word' id='word_1_67' title='bbox 1162 1010 1194 1072; x_wconf 84' lang='lat' dir='ltr'><strong>t.</strong></span> 
     </span>
     <span class='ocr_line' id='line_1_8' title="bbox 67 1106 1195 1194; baseline 0.003 -20"><span class='ocrx_word' id='word_1_68' title='bbox 67 1109 97 1174; x_wconf 87' lang='lat'><strong>8.</strong></span> <span class='ocrx_word' id='word_1_69' title='bbox 124 1112 153 1174; x_wconf 81' lang='grc'><strong>9.</strong></span> <span class='ocrx_word' id='word_1_70' title='bbox 177 1110 282 1192; x_wconf 78' lang='lat' dir='ltr'><strong>psalmi</strong></span> <span class='ocrx_word' id='word_1_71' title='bbox 304 1107 395 1175; x_wconf 80' lang='lat' dir='ltr'>XCV:</span> <span class='ocrx_word' id='word_1_72' title='bbox 425 1121 534 1174; x_wconf 67' lang='lat' dir='ltr'><strong>aaran</strong></span> <span class='ocrx_word' id='word_1_73' title='bbox 563 1121 634 1176; x_wconf 76' lang='lat' dir='ltr'><strong>nea</strong></span> <span class='ocrx_word' id='word_1_74' title='bbox 664 1121 734 1174; x_wconf 57' lang='lat' dir='ltr'><strong>aar:</strong></span> <span class='ocrx_word' id='word_1_75' title='bbox 764 1123 895 1176; x_wconf 60' lang='lat' dir='ltr'><strong>aaran:</strong></span> <span class='ocrx_word' id='word_1_76' title='bbox 917 1106 1022 1176; x_wconf 71' lang='lat' dir='ltr'><strong>usam</strong></span> <span class='ocrx_word' id='word_1_77' title='bbox 1044 1121 1129 1194; x_wconf 71' lang='lat' dir='ltr'><strong>snpra</strong></span> <span class='ocrx_word' id='word_1_78' title='bbox 1153 1108 1195 1177; x_wconf 78' lang='lat' dir='ltr'><strong>bu</strong></span> 
     </span>
     <span class='ocr_line' id='line_1_9' title="bbox 68 1213 1196 1280; baseline -0.004 0"><span class='ocrx_word' id='word_1_79' title='bbox 68 1213 142 1280; x_wconf 70' lang='lat' dir='ltr'><strong>abac</strong></span> <span class='ocrx_word' id='word_1_80' title='bbox 166 1226 222 1279; x_wconf 70' lang='lat' dir='ltr'><strong>aaa</strong></span> <span class='ocrx_word' id='word_1_81' title='bbox 246 1225 280 1278; x_wconf 80' lang='lat' dir='ltr'><strong>aa</strong></span> <span class='ocrx_word' id='word_1_82' title='bbox 304 1225 405 1278; x_wconf 75' lang='grc' dir='ltr'><strong><em>παι-π</em></strong></span> <span class='ocrx_word' id='word_1_83' title='bbox 429 1223 567 1278; x_wconf 61' lang='lat' dir='ltr'><strong>nasama</strong></span> <span class='ocrx_word' id='word_1_84' title='bbox 589 1223 666 1278; x_wconf 70' lang='lat' dir='ltr'><strong>aerea</strong></span> <span class='ocrx_word' id='word_1_85' title='bbox 686 1225 757 1278; x_wconf 67' lang='lat' dir='ltr'><strong>acre</strong></span> <span class='ocrx_word' id='word_1_86' title='bbox 784 1215 824 1276; x_wconf 87' lang='lat' dir='ltr'><strong>ila</strong></span> <span class='ocrx_word' id='word_1_87' title='bbox 845 1222 998 1279; x_wconf 75' lang='lat' dir='ltr'><strong>vastarunt</strong></span> <span class='ocrx_word' id='word_1_88' title='bbox 1020 1215 1196 1278; x_wconf 80' lang='lat' dir='ltr'><strong>Alexandri-</strong></span> 
     </span>
     <span class='ocr_line' id='line_1_10' title="bbox 66 1311 1195 1402; baseline 0.002 -22"><span class='ocrx_word' id='word_1_89' title='bbox 66 1317 114 1380; x_wconf 87' lang='lat' dir='ltr'><strong>ni:</strong></span> <span class='ocrx_word' id='word_1_90' title='bbox 144 1313 187 1402; x_wconf 69' lang='lat' dir='ltr'><strong>na}</strong></span> <span class='ocrx_word' id='word_1_91' title='bbox 213 1311 397 1399; x_wconf 72' lang='grc' dir='ltr'><strong><em>σκληρύνητε</em></strong></span> <span class='ocrx_word' id='word_1_92' title='bbox 425 1313 480 1389; x_wconf 74' lang='grc' dir='ltr'><strong>τοὶς</strong></span> <span class='ocrx_word' id='word_1_93' title='bbox 509 1312 636 1396; x_wconf 74' lang='grc' dir='ltr'><strong><em>καρδίας</em></strong></span> <span class='ocrx_word' id='word_1_94' title='bbox 665 1313 749 1396; x_wconf 76' lang='grc' dir='ltr'><strong><em>ὑμῶν</em></strong></span> <span class='ocrx_word' id='word_1_95' title='bbox 774 1313 815 1389; x_wconf 66' lang='grc' dir='ltr'><strong>οἷς</strong></span> <span class='ocrx_word' id='word_1_96' title='bbox 836 1311 867 1379; x_wconf 74' lang='grc' dir='ltr'><strong>ἔν</strong></span> <span class='ocrx_word' id='word_1_97' title='bbox 889 1319 931 1398; x_wconf 79' lang='grc' dir='ltr'><strong>τῷ</strong></span> <span class='ocrx_word' id='word_1_98' title='bbox 950 1319 1195 1402; x_wconf 63' lang='grc' dir='ltr'><strong><em>παραπικρασμῷ</em></strong></span> 
     </span>
     <span class='ocr_line' id='line_1_11' title="bbox 68 1405 1197 1510; baseline -0.002 -26"><span class='ocrx_word' id='word_1_99' title='bbox 68 1415 148 1484; x_wconf 74' lang='grc' dir='ltr'><strong><em>κατὰ</em></strong></span> <span class='ocrx_word' id='word_1_100' title='bbox 170 1413 227 1500; x_wconf 74' lang='grc' dir='ltr'><strong>τὴν</strong></span> <span class='ocrx_word' id='word_1_101' title='bbox 248 1415 365 1504; x_wconf 74' lang='grc' dir='ltr'><strong><em>ἡμέραν</em></strong></span> <span class='ocrx_word' id='word_1_102' title='bbox 387 1419 442 1482; x_wconf 78' lang='grc' dir='ltr'><strong>τοῦ</strong></span> <span class='ocrx_word' id='word_1_103' title='bbox 463 1419 643 1498; x_wconf 82' lang='grc' dir='ltr'><strong><em>πικρασμοῦ</em></strong></span> <span class='ocrx_word' id='word_1_104' title='bbox 666 1419 698 1482; x_wconf 76' lang='grc' dir='ltr'><strong>ἓν</strong></span> <span class='ocrx_word' id='word_1_105' title='bbox 718 1420 755 1510; x_wconf 73' lang='grc' dir='ltr'><strong>τῇ</strong></span> <span class='ocrx_word' id='word_1_106' title='bbox 774 1414 876 1501; x_wconf 68' lang='grc' dir='ltr'><strong><em>ἐρήμῳ</em></strong></span> <span class='ocrx_word' id='word_1_107' title='bbox 892 1461 900 1478; x_wconf 87' lang='grc'><strong>.</strong></span> <span class='ocrx_word' id='word_1_108' title='bbox 918 1405 955 1481; x_wconf 75' lang='grc' dir='ltr'><strong>οὗ</strong></span> <span class='ocrx_word' id='word_1_109' title='bbox 974 1415 1138 1497; x_wconf 71' lang='grc' dir='ltr'><strong><em>ἕποιρασάν</em></strong></span> <span class='ocrx_word' id='word_1_110' title='bbox 1158 1442 1197 1498; x_wconf 78' lang='grc' dir='ltr'><strong>μα</strong></span> 
     </span>
     <span class='ocr_line' id='line_1_12' title="bbox 70 1514 1196 1600; baseline -0.003 -18"><span class='ocrx_word' id='word_1_111' title='bbox 70 1523 102 1582; x_wconf 77' lang='lat' dir='ltr'><strong>oi</strong></span> <span class='ocrx_word' id='word_1_112' title='bbox 122 1519 248 1600; x_wconf 80' lang='grc' dir='ltr'><strong><em>πατέρες</em></strong></span> <span class='ocrx_word' id='word_1_113' title='bbox 268 1517 370 1599; x_wconf 76' lang='grc' dir='ltr'><strong><em>ὑμῶν·</em></strong></span> <span class='ocrx_word' id='word_1_114' title='bbox 393 1515 578 1599; x_wconf 73' lang='grc' dir='ltr'><strong><em>ἐδοκίμασαν</em></strong></span> <span class='ocrx_word' id='word_1_115' title='bbox 599 1519 651 1582; x_wconf 80' lang='grc' dir='ltr'><strong>καὶ</strong></span> <span class='ocrx_word' id='word_1_116' title='bbox 670 1514 753 1582; x_wconf 76' lang='lat' dir='ltr'><strong>eidos</strong></span> <span class='ocrx_word' id='word_1_117' title='bbox 775 1515 812 1583; x_wconf 76' lang='lat' dir='ltr'><strong>eds</strong></span> <span class='ocrx_word' id='word_1_118' title='bbox 838 1519 912 1598; x_wconf 77' lang='grc' dir='ltr'><strong><em>ἔργα</em></strong></span> <span class='ocrx_word' id='word_1_119' title='bbox 933 1541 1005 1599; x_wconf 82' lang='grc' dir='ltr'><strong><em>μου.</em></strong></span> <span class='ocrx_word' id='word_1_120' title='bbox 1048 1518 1133 1582; x_wconf 80' lang='lat' dir='ltr'><strong>Pelet</strong></span> <span class='ocrx_word' id='word_1_121' title='bbox 1154 1518 1196 1580; x_wconf 86' lang='lat' dir='ltr'><strong>si·</strong></span> 
     </span>
     <span class='ocr_line' id='line_1_13' title="bbox 67 1619 1195 1702; baseline 0 -18"><span class='ocrx_word' id='word_1_122' title='bbox 67 1621 201 1702; x_wconf 82' lang='lat' dir='ltr'><strong>gnifieari</strong></span> <span class='ocrx_word' id='word_1_123' title='bbox 224 1621 424 1684; x_wconf 78' lang='lat' dir='ltr'><strong>narrationem</strong></span> <span class='ocrx_word' id='word_1_124' title='bbox 447 1620 540 1682; x_wconf 82' lang='lat' dir='ltr'>Exodi</span> <span class='ocrx_word' id='word_1_125' title='bbox 563 1619 642 1682; x_wconf 86' lang='lat' dir='ltr'>XVII</span> <span class='ocrx_word' id='word_1_126' title='bbox 665 1621 714 1684; x_wconf 91' lang='lat' dir='ltr'><strong>ubi</strong></span> <span class='ocrx_word' id='word_1_127' title='bbox 743 1621 827 1684; x_wconf 89' lang='lat' dir='ltr'><strong>locus</strong></span> <span class='ocrx_word' id='word_1_128' title='bbox 851 1621 970 1702; x_wconf 87' lang='lat' dir='ltr'><strong>quidem</strong></span> <span class='ocrx_word' id='word_1_129' title='bbox 994 1639 1053 1702; x_wconf 87' lang='lat' dir='ltr'><strong>quo</strong></span> <span class='ocrx_word' id='word_1_130' title='bbox 1076 1621 1195 1686; x_wconf 65' lang='lat' dir='ltr'><strong>[sraelis</strong></span> 
     </span>
     <span class='ocr_line' id='line_1_14' title="bbox 66 1710 1194 1804; baseline 0.001 -19"><span class='ocrx_word' id='word_1_131' title='bbox 66 1733 114 1786; x_wconf 89' lang='lat' dir='ltr'><strong>tae</strong></span> <span class='ocrx_word' id='word_1_132' title='bbox 138 1723 177 1786; x_wconf 93' lang='lat' dir='ltr'><strong>ob</strong></span> <span class='ocrx_word' id='word_1_133' title='bbox 200 1741 291 1802; x_wconf 87' lang='lat' dir='ltr'><strong>aquae</strong></span> <span class='ocrx_word' id='word_1_134' title='bbox 311 1723 465 1802; x_wconf 86' lang='lat' dir='ltr'><strong>penuriam</strong></span> <span class='ocrx_word' id='word_1_135' title='bbox 489 1731 747 1796; x_wconf 82' lang='lat' dir='ltr'><strong>murmuraverunt</strong></span> <span class='ocrx_word' id='word_1_136' title='bbox 764 1710 878 1785; x_wconf 71' lang='lat' dir='ltr'><strong>&#39;contra</strong></span> <span class='ocrx_word' id='word_1_137' title='bbox 900 1723 1012 1784; x_wconf 86' lang='lat' dir='ltr'><strong>llosem</strong></span> <span class='ocrx_word' id='word_1_138' title='bbox 1035 1722 1194 1804; x_wconf 87' lang='lat' dir='ltr'><strong>deumque,</strong></span> 
     </span>
     <span class='ocr_line' id='line_1_15' title="bbox 65 1821 1226 1908; baseline -0.002 -18"><span class='ocrx_word' id='word_1_139' title='bbox 65 1835 189 1890; x_wconf 85' lang='lat' dir='ltr'><strong>vocatur</strong></span> <span class='ocrx_word' id='word_1_140' title='bbox 213 1826 328 1890; x_wconf 79' lang='lat' dir='ltr'><strong>llassala</strong></span> <span class='ocrx_word' id='word_1_141' title='bbox 354 1835 384 1888; x_wconf 88' lang='lat' dir='ltr'><strong>et</strong></span> <span class='ocrx_word' id='word_1_142' title='bbox 412 1825 547 1888; x_wconf 87' lang='lat' dir='ltr'><strong>Meribab</strong></span> <span class='ocrx_word' id='word_1_143' title='bbox 583 1827 612 1886; x_wconf 92' lang='lat' dir='ltr'><strong>b.</strong></span> <span class='ocrx_word' id='word_1_144' title='bbox 642 1844 670 1886; x_wconf 91' lang='lat' dir='ltr'><strong>e.</strong></span> <span class='ocrx_word' id='word_1_145' title='bbox 696 1821 862 1904; x_wconf 73' lang='grc' dir='ltr'><strong><em>πειρασμὸς</em></strong></span> <span class='ocrx_word' id='word_1_146' title='bbox 888 1825 941 1898; x_wconf 86' lang='lat' dir='ltr'><strong>(ci.</strong></span> <span class='ocrx_word' id='word_1_147' title='bbox 962 1844 997 1908; x_wconf 78' lang='lat' dir='ltr'><strong>qa.</strong></span> <span class='ocrx_word' id='word_1_148' title='bbox 1021 1844 1047 1888; x_wconf 87' lang='lat' dir='ltr'><strong>v.</strong></span> <span class='ocrx_word' id='word_1_149' title='bbox 1071 1825 1114 1900; x_wconf 85' lang='grc'><strong>9.)</strong></span> <span class='ocrx_word' id='word_1_150' title='bbox 1144 1825 1226 1890; x_wconf 78' lang='grc' dir='ltr'><strong><em>καὶ·</em></strong></span> 
     </span>
     <span class='ocr_line' id='line_1_16' title="bbox 65 1922 1195 2013; baseline -0.004 -17"><span class='ocrx_word' id='word_1_151' title='bbox 65 1925 240 2013; x_wconf 78' lang='grc' dir='ltr'><strong><em>λαιόὁρομπς</em></strong></span> <span class='ocrx_word' id='word_1_152' title='bbox 267 1938 299 1994; x_wconf 93' lang='lat' dir='ltr'><strong>ut</strong></span> <span class='ocrx_word' id='word_1_153' title='bbox 321 1935 474 1992; x_wconf 85' lang='lat' dir='ltr'><strong>verterunt</strong></span> <span class='ocrx_word' id='word_1_154' title='bbox 495 1922 540 1994; x_wconf 90' lang='lat' dir='ltr'><strong>O&#39;.</strong></span> <span class='ocrx_word' id='word_1_155' title='bbox 585 1932 851 2011; x_wconf 81' lang='grc' dir='ltr'><strong><em>Παραπικραίνπν</em></strong></span> <span class='ocrx_word' id='word_1_156' title='bbox 879 1927 958 1991; x_wconf 85' lang='lat' dir='ltr'><strong>enim</strong></span> <span class='ocrx_word' id='word_1_157' title='bbox 985 1936 1195 2009; x_wconf 76' lang='lat' dir='ltr'><strong>praeterquam</strong></span> 
     </span>
     <span class='ocr_line' id='line_1_17' title="bbox 65 2029 1224 2116; baseline -0.006 -20"><span class='ocrx_word' id='word_1_158' title='bbox 65 2033 145 2116; x_wconf 92' lang='lat' dir='ltr'><strong>quod</strong></span> <span class='ocrx_word' id='word_1_159' title='bbox 169 2051 224 2110; x_wconf 92' lang='lat' dir='ltr'><strong>pro</strong></span> <span class='ocrx_word' id='word_1_160' title='bbox 245 2041 348 2096; x_wconf 62' lang='lat' dir='ltr'><strong>elnon</strong></span> <span class='ocrx_word' id='word_1_161' title='bbox 369 2031 490 2110; x_wconf 91' lang='lat' dir='ltr'><strong>ponitur</strong></span> <span class='ocrx_word' id='word_1_162' title='bbox 511 2030 542 2092; x_wconf 92' lang='lat' dir='ltr'><strong>io</strong></span> <span class='ocrx_word' id='word_1_163' title='bbox 566 2030 732 2110; x_wconf 79' lang='lat' dir='ltr'><strong>significatu</strong></span> <span class='ocrx_word' id='word_1_164' title='bbox 755 2030 937 2109; x_wconf 85' lang='lat' dir='ltr'><strong>provocandi</strong></span> <span class='ocrx_word' id='word_1_165' title='bbox 960 2030 996 2092; x_wconf 91' lang='lat' dir='ltr'><strong>ad</strong></span> <span class='ocrx_word' id='word_1_166' title='bbox 1019 2031 1096 2093; x_wconf 90' lang='lat' dir='ltr'><strong>iram</strong></span> <span class='ocrx_word' id='word_1_167' title='bbox 1121 2029 1195 2106; x_wconf 78' lang='lat' dir='ltr'><strong>(He-</strong></span> <span class='ocrx_word' id='word_1_168' title='bbox 1219 2033 1224 2044; x_wconf 87' lang='lat'><em>&#39;</em></span> 
     </span>
     <span class='ocr_line' id='line_1_18' title="bbox 65 2131 1196 2217; baseline -0.004 -16"><span class='ocrx_word' id='word_1_169' title='bbox 65 2138 151 2217; x_wconf 82' lang='lat' dir='ltr'><strong>sycb.</strong></span> <span class='ocrx_word' id='word_1_170' title='bbox 173 2139 439 2216; x_wconf 81' lang='grc' dir='ltr'><strong><em>παραπικραίνων·</em></strong></span> <span class='ocrx_word' id='word_1_171' title='bbox 462 2133 677 2215; x_wconf 65' lang='grc' dir='ltr'><strong><em>παροργίζαν),</em></strong></span> <span class='ocrx_word' id='word_1_172' title='bbox 698 2133 861 2210; x_wconf 81' lang='lat' dir='ltr'><strong>respondet</strong></span> <span class='ocrx_word' id='word_1_173' title='bbox 884 2132 972 2194; x_wconf 91' lang='lat' dir='ltr'><strong>etiam</strong></span> <span class='ocrx_word' id='word_1_174' title='bbox 997 2131 1098 2194; x_wconf 84' lang='lat' dir='ltr'><strong>verbis</strong></span> <span class='ocrx_word' id='word_1_175' title='bbox 1120 2142 1196 2209; x_wconf 60' lang='lat' dir='ltr'><strong>nac,</strong></span> 
     </span>
     <span class='ocr_line' id='line_1_19' title="bbox 65 2232 1195 2317; baseline -0.008 -14"><span class='ocrx_word' id='word_1_176' title='bbox 65 2253 144 2313; x_wconf 63' lang='lat' dir='ltr'><strong>man,</strong></span> <span class='ocrx_word' id='word_1_177' title='bbox 167 2248 237 2300; x_wconf 77' lang='grc' dir='ltr'><strong><em>,ϊαο</em></strong></span> <span class='ocrx_word' id='word_1_178' title='bbox 258 2235 432 2317; x_wconf 88' lang='lat' dir='ltr'><strong>nominique</strong></span> <span class='ocrx_word' id='word_1_179' title='bbox 454 2248 512 2298; x_wconf 61' lang='lat' dir='ltr'><strong>a*lla</strong></span> <span class='ocrx_word' id='word_1_180' title='bbox 535 2234 645 2316; x_wconf 88' lang='lat' dir='ltr'><strong>quibus</strong></span> <span class='ocrx_word' id='word_1_181' title='bbox 665 2233 806 2296; x_wconf 90' lang='lat' dir='ltr'><strong>omnibus</strong></span> <span class='ocrx_word' id='word_1_182' title='bbox 822 2233 969 2297; x_wconf 85' lang='lat' dir='ltr'><strong>sententia</strong></span> <span class='ocrx_word' id='word_1_183' title='bbox 992 2234 1072 2296; x_wconf 88' lang='lat' dir='ltr'><strong>inest</strong></span> <span class='ocrx_word' id='word_1_184' title='bbox 1093 2232 1195 2294; x_wconf 88' lang='lat' dir='ltr'><strong>rebel·</strong></span> 
     </span>
     <span class='ocr_line' id='line_1_20' title="bbox 65 2335 1194 2404; baseline -0.006 -1"><span class='ocrx_word' id='word_1_185' title='bbox 65 2341 168 2404; x_wconf 92' lang='lat' dir='ltr'><strong>lionis.</strong></span> <span class='ocrx_word' id='word_1_186' title='bbox 214 2340 256 2402; x_wconf 84' lang='lat' dir='ltr'><strong>cl.</strong></span> <span class='ocrx_word' id='word_1_187' title='bbox 279 2338 362 2400; x_wconf 87' lang='lat' dir='ltr'><strong>locos</strong></span> <span class='ocrx_word' id='word_1_188' title='bbox 384 2338 417 2398; x_wconf 89' lang='lat' dir='ltr'><strong>in</strong></span> <span class='ocrx_word' id='word_1_189' title='bbox 440 2337 586 2399; x_wconf 87' lang='lat' dir='ltr'><strong>Trommii</strong></span> <span class='ocrx_word' id='word_1_190' title='bbox 609 2335 750 2398; x_wconf 89' lang='lat' dir='ltr'><strong>concord.</strong></span> <span class='ocrx_word' id='word_1_191' title='bbox 775 2343 804 2398; x_wconf 89' lang='lat' dir='ltr'><strong>et</strong></span> <span class='ocrx_word' id='word_1_192' title='bbox 826 2336 937 2398; x_wconf 86' lang='lat' dir='ltr'><strong>Fulleri</strong></span> <span class='ocrx_word' id='word_1_193' title='bbox 960 2335 1084 2398; x_wconf 83' lang='lat' dir='ltr'><strong>miscell.</strong></span> <span class='ocrx_word' id='word_1_194' title='bbox 1108 2353 1194 2400; x_wconf 85' lang='lat' dir='ltr'><strong>sacra</strong></span> 
     </span>
     <span class='ocr_line' id='line_1_21' title="bbox 63 2435 1193 2520; baseline -0.009 -11"><span class='ocrx_word' id='word_1_195' title='bbox 63 2445 119 2518; x_wconf 91' lang='lat' dir='ltr'><strong>lll,</strong></span> <span class='ocrx_word' id='word_1_196' title='bbox 144 2442 193 2505; x_wconf 87' lang='grc'><strong>10.</strong></span> <span class='ocrx_word' id='word_1_197' title='bbox 239 2441 368 2520; x_wconf 87' lang='lat' dir='ltr'><strong>(Similis</strong></span> <span class='ocrx_word' id='word_1_198' title='bbox 391 2448 439 2503; x_wconf 88' lang='lat' dir='ltr'><strong>est</strong></span> <span class='ocrx_word' id='word_1_199' title='bbox 457 2439 538 2501; x_wconf 93' lang='lat' dir='ltr'><strong>notio</strong></span> <span class='ocrx_word' id='word_1_200' title='bbox 559 2441 740 2498; x_wconf 77' lang='lat' dir='ltr'><strong>amaricanda·</strong></span> <span class='ocrx_word' id='word_1_201' title='bbox 761 2436 841 2517; x_wconf 90' lang='lat' dir='ltr'><strong>quod</strong></span> <span class='ocrx_word' id='word_1_202' title='bbox 863 2435 941 2516; x_wconf 89' lang='lat' dir='ltr'><strong>apud</strong></span> <span class='ocrx_word' id='word_1_203' title='bbox 962 2436 1103 2511; x_wconf 86' lang='lat' dir='ltr'><strong>Plinium,</strong></span> <span class='ocrx_word' id='word_1_204' title='bbox 1126 2455 1193 2499; x_wconf 87' lang='lat' dir='ltr'><strong>sae·</strong></span> 
     </span>
     <span class='ocr_line' id='line_1_22' title="bbox 64 2537 1193 2627; baseline -0.008 -18"><span class='ocrx_word' id='word_1_205' title='bbox 64 2547 134 2627; x_wconf 88' lang='lat' dir='ltr'><strong>pius</strong></span> <span class='ocrx_word' id='word_1_206' title='bbox 147 2561 218 2606; x_wconf 83' lang='lat' dir='ltr'><strong>vero</strong></span> <span class='ocrx_word' id='word_1_207' title='bbox 234 2543 264 2605; x_wconf 90' lang='lat' dir='ltr'><strong>in</strong></span> <span class='ocrx_word' id='word_1_208' title='bbox 283 2543 423 2623; x_wconf 83' lang='lat' dir='ltr'><strong>sequiora</strong></span> <span class='ocrx_word' id='word_1_209' title='bbox 439 2541 583 2604; x_wconf 85' lang='lat' dir='ltr'><strong>latinitate</strong></span> <span class='ocrx_word' id='word_1_210' title='bbox 600 2538 740 2602; x_wconf 87' lang='lat' dir='ltr'><strong>occurrit.</strong></span> <span class='ocrx_word' id='word_1_211' title='bbox 762 2539 867 2602; x_wconf 82' lang='lat' dir='ltr'><strong>Videas</strong></span> <span class='ocrx_word' id='word_1_212' title='bbox 882 2537 1033 2618; x_wconf 91' lang='lat' dir='ltr'><strong>quomodo</strong></span> <span class='ocrx_word' id='word_1_213' title='bbox 1049 2541 1193 2618; x_wconf 76' lang='lat' dir='ltr'><strong>Augusti·</strong></span> 
     </span>
     <span class='ocr_line' id='line_1_23' title="bbox 66 2638 1193 2722; baseline -0.008 -11"><span class='ocrx_word' id='word_1_214' title='bbox 66 2667 124 2712; x_wconf 90' lang='lat' dir='ltr'><strong>nus</strong></span> <span class='ocrx_word' id='word_1_215' title='bbox 147 2647 230 2708; x_wconf 94' lang='lat' dir='ltr'><strong>ludat</strong></span> <span class='ocrx_word' id='word_1_216' title='bbox 251 2645 282 2706; x_wconf 91' lang='lat' dir='ltr'><strong>in</strong></span> <span class='ocrx_word' id='word_1_217' title='bbox 304 2645 394 2706; x_wconf 91' lang='lat' dir='ltr'><strong>rerbo</strong></span> <span class='ocrx_word' id='word_1_218' title='bbox 417 2643 483 2706; x_wconf 86' lang='lat' dir='ltr'><strong>iilo:</strong></span> <span class='ocrx_word' id='word_1_219' title='bbox 513 2643 642 2706; x_wconf 80' lang='lat' dir='ltr'><strong>confess.</strong></span> <span class='ocrx_word' id='word_1_220' title='bbox 666 2641 741 2714; x_wconf 90' lang='lat' dir='ltr'><strong>lllll,</strong></span> <span class='ocrx_word' id='word_1_221' title='bbox 767 2639 833 2718; x_wconf 74' lang='lat' dir='ltr'><strong>ll.)</strong></span> <span class='ocrx_word' id='word_1_222' title='bbox 877 2638 990 2702; x_wconf 87' lang='lat' dir='ltr'><strong>Eodem</strong></span> <span class='ocrx_word' id='word_1_223' title='bbox 1011 2639 1091 2722; x_wconf 91' lang='lat' dir='ltr'><strong>quod</strong></span> <span class='ocrx_word' id='word_1_224' title='bbox 1111 2640 1193 2718; x_wconf 88' lang='lat' dir='ltr'><strong>psal·</strong></span> 
     </span>
     <span class='ocr_line' id='line_1_24' title="bbox 65 2741 1193 2830; baseline -0.012 -12"><span class='ocrx_word' id='word_1_225' title='bbox 65 2773 134 2818; x_wconf 86' lang='lat' dir='ltr'><strong>mus</strong></span> <span class='ocrx_word' id='word_1_226' title='bbox 157 2752 208 2814; x_wconf 84' lang='lat' dir='ltr'><strong>illa</strong></span> <span class='ocrx_word' id='word_1_227' title='bbox 230 2749 353 2830; x_wconf 80' lang='lat' dir='ltr'><strong>respicit</strong></span> <span class='ocrx_word' id='word_1_228' title='bbox 382 2748 518 2827; x_wconf 84' lang='lat' dir='ltr'><strong>exemplo</strong></span> <span class='ocrx_word' id='word_1_229' title='bbox 548 2745 635 2809; x_wconf 85' lang='lat' dir='ltr'><strong>allato</strong></span> <span class='ocrx_word' id='word_1_230' title='bbox 662 2754 765 2808; x_wconf 84' lang='lat' dir='ltr'><strong>auctor</strong></span> <span class='ocrx_word' id='word_1_231' title='bbox 792 2744 828 2808; x_wconf 88' lang='lat' dir='ltr'><strong>ad</strong></span> <span class='ocrx_word' id='word_1_232' title='bbox 851 2743 1002 2807; x_wconf 85' lang='lat' dir='ltr'><strong>Hebraeos</strong></span> <span class='ocrx_word' id='word_1_233' title='bbox 1024 2763 1050 2805; x_wconf 89' lang='lat' dir='ltr'><strong>c.</strong></span> <span class='ocrx_word' id='word_1_234' title='bbox 1073 2742 1127 2806; x_wconf 94' lang='lat' dir='ltr'><strong>lll.</strong></span> <span class='ocrx_word' id='word_1_235' title='bbox 1156 2741 1193 2804; x_wconf 86' lang='lat' dir='ltr'><strong>ab</strong></span> 
     </span>
     <span class='ocr_line' id='line_1_25' title="bbox 66 2846 1192 2926; baseline -0.007 -8"><span class='ocrx_word' id='word_1_236' title='bbox 66 2851 265 2918; x_wconf 79' lang='lat' dir='ltr'><strong>inconstantia</strong></span> <span class='ocrx_word' id='word_1_237' title='bbox 290 2859 319 2912; x_wconf 88' lang='lat' dir='ltr'><strong>et</strong></span> <span class='ocrx_word' id='word_1_238' title='bbox 343 2849 545 2912; x_wconf 86' lang='lat' dir='ltr'><strong>inobedientia</strong></span> <span class='ocrx_word' id='word_1_239' title='bbox 576 2848 748 2910; x_wconf 86' lang='lat' dir='ltr'><strong>dehortatur</strong></span> <span class='ocrx_word' id='word_1_240' title='bbox 778 2846 976 2910; x_wconf 82' lang='lat' dir='ltr'><strong>Christianos.</strong></span> <span class='ocrx_word' id='word_1_241' title='bbox 1020 2847 1076 2908; x_wconf 88' lang='lat' dir='ltr'><strong>Ubi</strong></span> <span class='ocrx_word' id='word_1_242' title='bbox 1098 2866 1192 2926; x_wconf 80' lang='lat' dir='ltr'><strong>nepa·</strong></span> 
     </span>
     <span class='ocr_line' id='line_1_26' title="bbox 65 2949 1192 3037; baseline -0.006 -16"><span class='ocrx_word' id='word_1_243' title='bbox 65 2962 219 3037; x_wconf 73' lang='grc' dir='ltr'><strong><em>πικραναν</em></strong></span> <span class='ocrx_word' id='word_1_244' title='bbox 242 2973 268 3015; x_wconf 81' lang='lat' dir='ltr'><strong>r.</strong></span> <span class='ocrx_word' id='word_1_245' title='bbox 294 2951 334 3014; x_wconf 78' lang='lat' dir='ltr'><strong>tlt</strong></span> <span class='ocrx_word' id='word_1_246' title='bbox 357 2953 465 3016; x_wconf 88' lang='lat' dir='ltr'><strong>dicitnr</strong></span> <span class='ocrx_word' id='word_1_247' title='bbox 484 2953 520 3014; x_wconf 89' lang='lat' dir='ltr'><strong>de</strong></span> <span class='ocrx_word' id='word_1_248' title='bbox 541 2951 769 3029; x_wconf 78' lang='lat' dir='ltr'><strong>refragantibus.</strong></span> <span class='ocrx_word' id='word_1_249' title='bbox 816 2949 878 3013; x_wconf 89' lang='lat' dir='ltr'><strong>Usu</strong></span> <span class='ocrx_word' id='word_1_250' title='bbox 897 2958 995 3012; x_wconf 86' lang='lat' dir='ltr'><strong>autem</strong></span> <span class='ocrx_word' id='word_1_251' title='bbox 1015 2950 1192 3014; x_wconf 87' lang='lat' dir='ltr'><strong>vocabulum</strong></span> 
     </span>
     <span class='ocr_line' id='line_1_27' title="bbox 64 3052 1194 3141; baseline -0.004 -17"><span class='ocrx_word' id='word_1_252' title='bbox 64 3059 329 3141; x_wconf 80' lang='grc' dir='ltr'><strong><em>παραπικραομοῡ</em></strong></span> <span class='ocrx_word' id='word_1_253' title='bbox 356 3074 466 3118; x_wconf 87' lang='lat' dir='ltr'><strong>nomen</strong></span> <span class='ocrx_word' id='word_1_254' title='bbox 496 3055 650 3137; x_wconf 89' lang='lat' dir='ltr'><strong>proprium</strong></span> <span class='ocrx_word' id='word_1_255' title='bbox 688 3056 751 3115; x_wconf 85' lang='lat' dir='ltr'><strong>lere</strong></span> <span class='ocrx_word' id='word_1_256' title='bbox 781 3054 889 3115; x_wconf 85' lang='lat' dir='ltr'><strong>iactum</strong></span> <span class='ocrx_word' id='word_1_257' title='bbox 918 3070 985 3114; x_wconf 86' lang='lat' dir='ltr'><strong>esse</strong></span> <span class='ocrx_word' id='word_1_258' title='bbox 1014 3052 1132 3116; x_wconf 88' lang='lat' dir='ltr'><strong>videtur</strong></span> <span class='ocrx_word' id='word_1_259' title='bbox 1160 3063 1194 3119; x_wconf 86' lang='lat' dir='ltr'><strong>ut</strong></span> 
     </span>
     <span class='ocr_line' id='line_1_28' title="bbox 65 3153 1193 3242; baseline -0.004 -17"><span class='ocrx_word' id='word_1_260' title='bbox 65 3162 174 3225; x_wconf 88' lang='lat' dir='ltr'><strong>Suidas</strong></span> <span class='ocrx_word' id='word_1_261' title='bbox 192 3179 229 3222; x_wconf 83' lang='lat' dir='ltr'><strong>ex</strong></span> <span class='ocrx_word' id='word_1_262' title='bbox 254 3159 441 3222; x_wconf 87' lang='lat' dir='ltr'><strong>Tbeodoreto</strong></span> <span class='ocrx_word' id='word_1_263' title='bbox 464 3159 564 3222; x_wconf 90' lang='lat' dir='ltr'><strong>dicere</strong></span> <span class='ocrx_word' id='word_1_264' title='bbox 587 3159 698 3237; x_wconf 84' lang='lat' dir='ltr'><strong>possit:</strong></span> <span class='ocrx_word' id='word_1_265' title='bbox 721 3155 984 3241; x_wconf 82' lang='grc' dir='ltr'><strong><em>παραπικρασμὸς</em></strong></span> <span class='ocrx_word' id='word_1_266' title='bbox 1004 3155 1024 3240; x_wconf 79' lang='grc' dir='ltr'>ἡ</span> <span class='ocrx_word' id='word_1_267' title='bbox 1046 3159 1077 3224; x_wconf 79' lang='grc' dir='ltr'><strong>ἒν</strong></span> <span class='ocrx_word' id='word_1_268' title='bbox 1092 3153 1193 3242; x_wconf 74' lang='grc' dir='ltr'><strong><em>ἐρήμῳ</em></strong></span> 
     </span>
     <span class='ocr_line' id='line_1_29' title="bbox 64 3255 1192 3343; baseline -0.006 -15"><span class='ocrx_word' id='word_1_269' title='bbox 64 3257 214 3332; x_wconf 80' lang='grc' dir='ltr'><strong><em>πολλάκις</em></strong></span> <span class='ocrx_word' id='word_1_270' title='bbox 236 3261 380 3343; x_wconf 70' lang='grc' dir='ltr'><strong><em>γενομένη</em></strong></span> <span class='ocrx_word' id='word_1_271' title='bbox 409 3255 565 3338; x_wconf 76' lang='grc' dir='ltr'><strong><em>ἀντιλογία</em></strong></span> <span class='ocrx_word' id='word_1_272' title='bbox 592 3262 652 3324; x_wconf 78' lang='grc' dir='ltr'><strong>τῶν</strong></span> <span class='ocrx_word' id='word_1_273' title='bbox 673 3258 876 3343; x_wconf 78' lang='grc' dir='ltr'><strong><em>Ἰσραηλιτῶν.</em></strong></span> <span class='ocrx_word' id='word_1_274' title='bbox 921 3261 1110 3340; x_wconf 79' lang='lat' dir='ltr'><strong>significatur</strong></span> <span class='ocrx_word' id='word_1_275' title='bbox 1134 3259 1192 3338; x_wconf 49' lang='lat' dir='ltr'><strong>igis</strong></span> 
     </span>
     <span class='ocr_line' id='line_1_30' title="bbox 64 3361 1190 3444; baseline 0.004 -17"><span class='ocrx_word' id='word_1_276' title='bbox 64 3373 115 3427; x_wconf 93' lang='lat' dir='ltr'><strong>tur</strong></span> <span class='ocrx_word' id='word_1_277' title='bbox 137 3363 189 3424; x_wconf 89' lang='lat' dir='ltr'><strong>illo</strong></span> <span class='ocrx_word' id='word_1_278' title='bbox 210 3361 332 3423; x_wconf 87' lang='lat' dir='ltr'><strong>nomine</strong></span> <span class='ocrx_word' id='word_1_279' title='bbox 361 3364 513 3426; x_wconf 89' lang='lat' dir='ltr'><strong>contentio</strong></span> <span class='ocrx_word' id='word_1_280' title='bbox 538 3371 677 3444; x_wconf 90' lang='lat' dir='ltr'><strong>tanquam</strong></span> <span class='ocrx_word' id='word_1_281' title='bbox 701 3365 798 3427; x_wconf 83' lang='lat' dir='ltr'><strong>civilis</strong></span> <span class='ocrx_word' id='word_1_282' title='bbox 824 3366 973 3444; x_wconf 86' lang='lat' dir='ltr'><strong>quaedam</strong></span> <span class='ocrx_word' id='word_1_283' title='bbox 994 3367 1190 3440; x_wconf 86' lang='lat' dir='ltr'><strong>tbeocratiaa;</strong></span> 
     </span>
     <span class='ocr_line' id='line_1_31' title="bbox 62 3465 1191 3547; baseline 0.001 -16"><span class='ocrx_word' id='word_1_284' title='bbox 62 3468 246 3531; x_wconf 76' lang='lat' dir='ltr'><strong>iudaeorum</strong></span> <span class='ocrx_word' id='word_1_285' title='bbox 272 3471 373 3527; x_wconf 86' lang='lat' dir='ltr'><strong>contra</strong></span> <span class='ocrx_word' id='word_1_286' title='bbox 394 3465 480 3528; x_wconf 91' lang='lat' dir='ltr'><strong>deum</strong></span> <span class='ocrx_word' id='word_1_287' title='bbox 504 3466 739 3547; x_wconf 81' lang='lat' dir='ltr'><strong>prophetamque</strong></span> <span class='ocrx_word' id='word_1_288' title='bbox 763 3467 828 3530; x_wconf 91' lang='lat' dir='ltr'><strong>eius</strong></span> <span class='ocrx_word' id='word_1_289' title='bbox 841 3483 981 3546; x_wconf 81' lang='lat' dir='ltr'><strong>magnum</strong></span> <span class='ocrx_word' id='word_1_290' title='bbox 997 3471 1191 3534; x_wconf 85' lang='lat' dir='ltr'><strong>contumacia.</strong></span> 
     </span>
     <span class='ocr_line' id='line_1_32' title="bbox 65 3567 1193 3654; baseline 0.002 -19"><span class='ocrx_word' id='word_1_291' title='bbox 65 3573 142 3635; x_wconf 83' lang='lat' dir='ltr'><strong>Cum</strong></span> <span class='ocrx_word' id='word_1_292' title='bbox 180 3567 344 3632; x_wconf 85' lang='lat' dir='ltr'><strong>amaritudo</strong></span> <span class='ocrx_word' id='word_1_293' title='bbox 380 3567 421 3631; x_wconf 90' lang='lat' dir='ltr'><strong>sit</strong></span> <span class='ocrx_word' id='word_1_294' title='bbox 457 3567 583 3630; x_wconf 88' lang='lat' dir='ltr'><strong>interior</strong></span> <span class='ocrx_word' id='word_1_295' title='bbox 620 3573 763 3652; x_wconf 88' lang='lat' dir='ltr'><strong>quaedam</strong></span> <span class='ocrx_word' id='word_1_296' title='bbox 799 3591 893 3652; x_wconf 86' lang='lat' dir='ltr'><strong>aquae</strong></span> <span class='ocrx_word' id='word_1_297' title='bbox 925 3572 1022 3636; x_wconf 89' lang='lat' dir='ltr'><strong>dulcis</strong></span> <span class='ocrx_word' id='word_1_298' title='bbox 1049 3574 1193 3654; x_wconf 86' lang='lat' dir='ltr'><strong>deprava-</strong></span> 
     </span>
     <span class='ocr_line' id='line_1_33' title="bbox 66 3673 1192 3756; baseline 0.005 -18"><span class='ocrx_word' id='word_1_299' title='bbox 66 3679 124 3749; x_wconf 88' lang='lat' dir='ltr'><strong>tio,</strong></span> <span class='ocrx_word' id='word_1_300' title='bbox 154 3693 215 3736; x_wconf 90' lang='lat' dir='ltr'><strong>non</strong></span> <span class='ocrx_word' id='word_1_301' title='bbox 246 3674 402 3736; x_wconf 87' lang='lat' dir='ltr'><strong>commodo</strong></span> <span class='ocrx_word' id='word_1_302' title='bbox 441 3673 496 3736; x_wconf 91' lang='lat' dir='ltr'><strong>sub</strong></span> <span class='ocrx_word' id='word_1_303' title='bbox 529 3693 624 3756; x_wconf 86' lang='lat' dir='ltr'><strong>aquae</strong></span> <span class='ocrx_word' id='word_1_304' title='bbox 655 3675 900 3740; x_wconf 86' lang='lat' dir='ltr'><strong>inamarescentis</strong></span> <span class='ocrx_word' id='word_1_305' title='bbox 925 3677 1052 3755; x_wconf 72' lang='lat' dir='ltr'><strong>imagine</strong></span> <span class='ocrx_word' id='word_1_306' title='bbox 1080 3678 1192 3744; x_wconf 81' lang='lat' dir='ltr'><strong>bolum</strong></span> 
     </span>
     <span class='ocr_line' id='line_1_34' title="bbox 67 3774 1193 3860; baseline 0.002 -20"><span class='ocrx_word' id='word_1_307' title='bbox 67 3795 136 3840; x_wconf 92' lang='lat' dir='ltr'><strong>cum</strong></span> <span class='ocrx_word' id='word_1_308' title='bbox 159 3775 269 3838; x_wconf 82' lang='lat' dir='ltr'><strong>exteris</strong></span> <span class='ocrx_word' id='word_1_309' title='bbox 289 3774 462 3838; x_wconf 89' lang='lat' dir='ltr'><strong>bominibus</strong></span> <span class='ocrx_word' id='word_1_310' title='bbox 485 3778 734 3852; x_wconf 81' lang='lat' dir='ltr'><strong>adumbraretur3</strong></span> <span class='ocrx_word' id='word_1_311' title='bbox 757 3779 868 3858; x_wconf 89' lang='lat' dir='ltr'><strong>optime</strong></span> <span class='ocrx_word' id='word_1_312' title='bbox 882 3797 954 3842; x_wconf 83' lang='lat' dir='ltr'><strong>vero</strong></span> <span class='ocrx_word' id='word_1_313' title='bbox 970 3780 1006 3842; x_wconf 89' lang='lat' dir='ltr'><strong>ad</strong></span> <span class='ocrx_word' id='word_1_314' title='bbox 1022 3781 1193 3860; x_wconf 77' lang='lat' dir='ltr'><strong>significan·</strong></span> 
     </span>
     <span class='ocr_line' id='line_1_35' title="bbox 66 3877 1191 3960; baseline 0.005 -18"><span class='ocrx_word' id='word_1_315' title='bbox 66 3881 120 3942; x_wconf 89' lang='lat' dir='ltr'><strong>das</strong></span> <span class='ocrx_word' id='word_1_316' title='bbox 141 3879 245 3942; x_wconf 82' lang='lat' dir='ltr'><strong>civiles</strong></span> <span class='ocrx_word' id='word_1_317' title='bbox 272 3877 516 3942; x_wconf 75' lang='lat' dir='ltr'><strong>conturbationes</strong></span> <span class='ocrx_word' id='word_1_318' title='bbox 540 3880 675 3960; x_wconf 90' lang='lat' dir='ltr'><strong>quadrat.</strong></span> <span class='ocrx_word' id='word_1_319' title='bbox 719 3881 780 3944; x_wconf 90' lang='lat' dir='ltr'><strong>lam</strong></span> <span class='ocrx_word' id='word_1_320' title='bbox 805 3881 831 3942; x_wconf 88' lang='lat' dir='ltr'><strong>si</strong></span> <span class='ocrx_word' id='word_1_321' title='bbox 854 3881 999 3959; x_wconf 88' lang='lat' dir='ltr'><strong>picturam</strong></span> <span class='ocrx_word' id='word_1_322' title='bbox 1021 3881 1102 3946; x_wconf 89' lang='lat' dir='ltr'><strong>illam</strong></span> <span class='ocrx_word' id='word_1_323' title='bbox 1123 3901 1191 3948; x_wconf 78' lang='lat' dir='ltr'><strong>eunt</strong></span> 
     </span>
     <span class='ocr_line' id='line_1_36' title="bbox 66 3981 1192 4062; baseline -0.001 -17"><span class='ocrx_word' id='word_1_324' title='bbox 66 3983 159 4046; x_wconf 84' lang='lat' dir='ltr'><strong>rebus</strong></span> <span class='ocrx_word' id='word_1_325' title='bbox 181 3981 237 4045; x_wconf 91' lang='lat' dir='ltr'><strong>sub</strong></span> <span class='ocrx_word' id='word_1_326' title='bbox 260 3981 350 4044; x_wconf 79' lang='lat' dir='ltr'><strong>finem</strong></span> <span class='ocrx_word' id='word_1_327' title='bbox 371 3981 552 4061; x_wconf 87' lang='lat' dir='ltr'><strong>reipublicae</strong></span> <span class='ocrx_word' id='word_1_328' title='bbox 573 3982 712 4044; x_wconf 80' lang='lat' dir='ltr'><strong>iudaicae</strong></span> <span class='ocrx_word' id='word_1_329' title='bbox 735 3981 766 4043; x_wconf 90' lang='lat' dir='ltr'><strong>in</strong></span> <span class='ocrx_word' id='word_1_330' title='bbox 787 3983 901 4046; x_wconf 80' lang='lat' dir='ltr'><strong>iudaea</strong></span> <span class='ocrx_word' id='word_1_331' title='bbox 922 3983 1016 4061; x_wconf 76' lang='lat' dir='ltr'><strong>pestis</strong></span> <span class='ocrx_word' id='word_1_332' title='bbox 1039 4001 1192 4062; x_wconf 83' lang='lat' dir='ltr'><strong>compara·</strong></span> 
     </span>
     <span class='ocr_line' id='line_1_37' title="bbox 66 4085 1193 4163; baseline 0.002 -14"><span class='ocrx_word' id='word_1_333' title='bbox 66 4103 149 4158; x_wconf 87' lang='lat' dir='ltr'><strong>mus,</strong></span> <span class='ocrx_word' id='word_1_334' title='bbox 179 4103 243 4146; x_wconf 87' lang='lat' dir='ltr'><strong>rem</strong></span> <span class='ocrx_word' id='word_1_335' title='bbox 269 4085 391 4147; x_wconf 89' lang='lat' dir='ltr'><strong>omnino</strong></span> <span class='ocrx_word' id='word_1_336' title='bbox 420 4102 475 4147; x_wconf 90' lang='lat' dir='ltr'><strong>aen</strong></span> <span class='ocrx_word' id='word_1_337' title='bbox 504 4085 639 4163; x_wconf 78' lang='lat' dir='ltr'><strong>tetigisse</strong></span> <span class='ocrx_word' id='word_1_338' title='bbox 666 4086 786 4148; x_wconf 85' lang='lat' dir='ltr'><strong>ridetur</strong></span> <span class='ocrx_word' id='word_1_339' title='bbox 807 4087 958 4148; x_wconf 87' lang='lat' dir='ltr'><strong>Herderns</strong></span> <span class='ocrx_word' id='word_1_340' title='bbox 988 4105 1055 4150; x_wconf 84' lang='lat' dir='ltr'><strong>curn</strong></span> <span class='ocrx_word' id='word_1_341' title='bbox 1077 4087 1193 4152; x_wconf 82' lang='lat' dir='ltr'><strong>attaliam</strong></span> 
     </span>
     <span class='ocr_line' id='line_1_38' title="bbox 66 4189 1192 4270; baseline 0.003 -18"><span class='ocrx_word' id='word_1_342' title='bbox 66 4189 239 4252; x_wconf 75' lang='lat' dir='ltr'><strong>Eleazarum</strong></span> <span class='ocrx_word' id='word_1_343' title='bbox 259 4205 329 4250; x_wconf 87' lang='lat' dir='ltr'><strong>esse</strong></span> <span class='ocrx_word' id='word_1_344' title='bbox 351 4189 434 4250; x_wconf 86' lang='lat' dir='ltr'><strong>dixit.</strong></span> <span class='ocrx_word' id='word_1_345' title='bbox 477 4189 548 4250; x_wconf 82' lang='lat' dir='ltr'><strong>Erat</strong></span> <span class='ocrx_word' id='word_1_346' title='bbox 570 4189 619 4253; x_wconf 87' lang='lat' dir='ltr'><strong>bic</strong></span> <span class='ocrx_word' id='word_1_347' title='bbox 634 4190 713 4252; x_wconf 89' lang='lat' dir='ltr'><strong>lilius</strong></span> <span class='ocrx_word' id='word_1_348' title='bbox 736 4189 866 4252; x_wconf 75' lang='lat' dir='ltr'><strong>Ananiae</strong></span> <span class='ocrx_word' id='word_1_349' title='bbox 885 4190 1036 4268; x_wconf 74' lang='lat' dir='ltr'><strong>pastinata</strong></span> <span class='ocrx_word' id='word_1_350' title='bbox 1051 4207 1086 4252; x_wconf 88' lang='lat' dir='ltr'><strong>ao</strong></span> <span class='ocrx_word' id='word_1_351' title='bbox 1102 4207 1192 4270; x_wconf 59' lang='lat' dir='ltr'><strong>praee</strong></span> 
     </span>
     <span class='ocr_line' id='line_1_39' title="bbox 65 4290 1191 4373; baseline 0.002 -18"><span class='ocrx_word' id='word_1_352' title='bbox 65 4303 113 4355; x_wconf 94' lang='lat' dir='ltr'><strong>lor</strong></span> <span class='ocrx_word' id='word_1_353' title='bbox 133 4301 205 4354; x_wconf 81' lang='lat' dir='ltr'><strong>nino</strong></span> <span class='ocrx_word' id='word_1_354' title='bbox 227 4292 343 4372; x_wconf 79' lang='lat' dir='ltr'><strong>lenrpli3</strong></span> <span class='ocrx_word' id='word_1_355' title='bbox 366 4291 483 4353; x_wconf 85' lang='lat' dir='ltr'><strong>iuvenis</strong></span> <span class='ocrx_word' id='word_1_356' title='bbox 503 4290 731 4354; x_wconf 86' lang='lat' dir='ltr'><strong>audacissimus.</strong></span> <span class='ocrx_word' id='word_1_357' title='bbox 776 4292 807 4353; x_wconf 90' lang='lat' dir='ltr'><strong>is</strong></span> <span class='ocrx_word' id='word_1_358' title='bbox 829 4291 980 4370; x_wconf 84' lang='lat' dir='ltr'><strong>persuasit</strong></span> <span class='ocrx_word' id='word_1_359' title='bbox 1002 4291 1041 4354; x_wconf 87' lang='lat' dir='ltr'><strong>iis</strong></span> <span class='ocrx_word' id='word_1_360' title='bbox 1064 4309 1191 4373; x_wconf 84' lang='lat' dir='ltr'><strong>quornm</strong></span> 
     </span>
     <span class='ocr_line' id='line_1_40' title="bbox 67 4394 1193 4474; baseline -0.003 -13"><span class='ocrx_word' id='word_1_361' title='bbox 67 4406 132 4461; x_wconf 86' lang='lat' dir='ltr'><strong>erat</strong></span> <span class='ocrx_word' id='word_1_362' title='bbox 154 4397 186 4460; x_wconf 92' lang='lat' dir='ltr'><strong>in</strong></span> <span class='ocrx_word' id='word_1_363' title='bbox 205 4395 288 4459; x_wconf 88' lang='lat' dir='ltr'><strong>eultu</strong></span> <span class='ocrx_word' id='word_1_364' title='bbox 311 4396 396 4474; x_wconf 79' lang='lat' dir='ltr'><strong>iungi</strong></span> <span class='ocrx_word' id='word_1_365' title='bbox 417 4413 455 4457; x_wconf 88' lang='lat' dir='ltr'><strong>ne</strong></span> <span class='ocrx_word' id='word_1_366' title='bbox 478 4396 563 4459; x_wconf 86' lang='lat' dir='ltr'><strong>euius</strong></span> <span class='ocrx_word' id='word_1_367' title='bbox 588 4395 773 4474; x_wconf 70' lang='lat' dir='ltr'><strong>alienigenae</strong></span> <span class='ocrx_word' id='word_1_368' title='bbox 793 4413 901 4458; x_wconf 88' lang='lat' dir='ltr'><strong>munus</strong></span> <span class='ocrx_word' id='word_1_369' title='bbox 922 4402 973 4474; x_wconf 78' lang='lat' dir='ltr'><strong>aut</strong></span> <span class='ocrx_word' id='word_1_370' title='bbox 991 4394 1121 4460; x_wconf 83' lang='lat' dir='ltr'><strong>bostiam</strong></span> <span class='ocrx_word' id='word_1_371' title='bbox 1140 4413 1193 4458; x_wconf 82' lang='lat' dir='ltr'><strong>ao-</strong></span> 
     </span>
    </p>
   </div>
   <div class='ocr_carea' id='block_1_3' title="bbox 0 0 1454 5054">
    <p class='ocr_par' dir='ltr' id='par_1_3' title="bbox 0 0 1454 5054">
     <span class='ocr_line' id='line_1_41' title="bbox 0 0 1454 5054; baseline 0 1"><span class='ocrx_word' id='word_1_372' title='bbox 0 0 1454 5054; x_wconf 95' lang='lat' dir='ltr'><strong> </strong></span> 
     </span>
    </p>
   </div>
  </div>
 </body>
</html>
