<?xml version="1.0" encoding="UTF-8"?>
<!DOCTYPE html PUBLIC "-//W3C//DTD XHTML 1.0 Transitional//EN"
    "http://www.w3.org/TR/xhtml1/DTD/xhtml1-transitional.dtd">
<html xmlns="http://www.w3.org/1999/xhtml" xml:lang="en" lang="en">
 <head>
  <title>
</title>
<meta http-equiv="Content-Type" content="text/html;charset=utf-8" />
  <meta name='ocr-system' content='tesseract 3.04.00' />
  <meta name='ocr-capabilities' content='ocr_page ocr_carea ocr_par ocr_line ocrx_word'/>
</head>
<body>
  <div class='ocr_page' id='page_1' title='image "./deapocalypsijoa00boehgoog_0059.png"; bbox 0 0 2900 5054; ppageno 0'>
   <div class='ocr_carea' id='block_1_1' title="bbox 797 374 1446 496">
    <p class='ocr_par' dir='ltr' id='par_1_1' title="bbox 797 374 1446 496">
     <span class='ocr_line' id='line_1_1' title="bbox 797 374 1446 496; baseline -0.005 -51"><span class='ocrx_word' id='word_1_1' title='bbox 797 374 840 445; x_wconf 74' lang='lat'><strong><em>52</em></strong></span> <span class='ocrx_word' id='word_1_2' title='bbox 1445 430 1446 496; x_wconf 31' lang='grc'>1</span> 
     </span>
    </p>
   </div>
   <div class='ocr_carea' id='block_1_2' title="bbox 193 531 1447 1763">
    <p class='ocr_par' dir='ltr' id='par_1_2' title="bbox 193 531 1447 1763">
     <span class='ocr_line' id='line_1_2' title="bbox 254 531 1446 658; baseline -0.01 -37"><span class='ocrx_word' id='word_1_3' title='bbox 254 557 385 622; x_wconf 76' lang='lat' dir='ltr'><strong><em>diuinam</em></strong></span> <span class='ocrx_word' id='word_1_4' title='bbox 408 531 581 634; x_wconf 83' lang='lat' dir='ltr'><strong><em>exequitur,</em></strong></span> <span class='ocrx_word' id='word_1_5' title='bbox 612 553 754 616; x_wconf 87' lang='lat' dir='ltr'><strong><em>did&#39;eruut</em></strong></span> <span class='ocrx_word' id='word_1_6' title='bbox 775 558 874 614; x_wconf 86' lang='lat' dir='ltr'><strong><em>tamen</em></strong></span> <span class='ocrx_word' id='word_1_7' title='bbox 898 559 932 613; x_wconf 87' lang='lat' dir='ltr'><strong><em>ut</em></strong></span> <span class='ocrx_word' id='word_1_8' title='bbox 954 550 1086 612; x_wconf 86' lang='lat' dir='ltr'><strong><em>cernitur</em></strong></span> <span class='ocrx_word' id='word_1_9' title='bbox 1109 567 1145 610; x_wconf 84' lang='lat' dir='ltr'><strong><em>ex</em></strong></span> <span class='ocrx_word' id='word_1_10' title='bbox 1167 548 1233 610; x_wconf 88' lang='lat' dir='ltr'><strong><em>loco</em></strong></span> <span class='ocrx_word' id='word_1_11' title='bbox 1256 547 1385 628; x_wconf 87' lang='lat' dir='ltr'><strong><em>quodam</em></strong></span> <span class='ocrx_word' id='word_1_12' title='bbox 1444 571 1446 658; x_wconf 50' lang='grc' dir='ltr'><strong><em>μ</em></strong></span> 
     </span>
     <span class='ocr_line' id='line_1_3' title="bbox 217 648 1446 740; baseline -0.007 -19"><span class='ocrx_word' id='word_1_13' title='bbox 217 691 219 704; x_wconf 90' lang='lat'>·</span> <span class='ocrx_word' id='word_1_14' title='bbox 255 659 441 721; x_wconf 62' lang='lat' dir='ltr'><strong><em>hortamen</em></strong></span> <span class='ocrx_word' id='word_1_15' title='bbox 468 668 531 718; x_wconf 73' lang='lat' dir='ltr'><strong><em>nra</em></strong></span> <span class='ocrx_word' id='word_1_16' title='bbox 561 655 611 717; x_wconf 85' lang='lat' dir='ltr'><strong><em>tot.</em></strong></span> <span class='ocrx_word' id='word_1_17' title='bbox 633 653 690 716; x_wconf 80' lang='lat' dir='ltr'><strong><em>ol:</em></strong></span> <span class='ocrx_word' id='word_1_18' title='bbox 723 667 847 720; x_wconf 59' lang='lat' dir='ltr'><strong><em>ansas:</em></strong></span> <span class='ocrx_word' id='word_1_19' title='bbox 870 648 960 718; x_wconf 65' lang='lat' dir='ltr'><strong><em>suoi</em></strong></span> <span class='ocrx_word' id='word_1_20' title='bbox 983 666 1083 717; x_wconf 69' lang='lat' dir='ltr'><strong><em>sirau</em></strong></span> <span class='ocrx_word' id='word_1_21' title='bbox 1105 648 1153 715; x_wconf 73' lang='lat' dir='ltr'><strong><em>bri</em></strong></span> <span class='ocrx_word' id='word_1_22' title='bbox 1170 661 1238 714; x_wconf 72' lang='lat' dir='ltr'><strong><em>sart</em></strong></span> <span class='ocrx_word' id='word_1_23' title='bbox 1261 662 1320 714; x_wconf 65' lang='lat' dir='ltr'><strong><em>aur</em></strong></span> <span class='ocrx_word' id='word_1_24' title='bbox 1342 663 1385 713; x_wconf 65' lang='lat' dir='ltr'><strong><em>ca</em></strong></span> <span class='ocrx_word' id='word_1_25' title='bbox 1445 671 1446 740; x_wconf 51' lang='grc' dir='ltr'><strong><em>μ</em></strong></span> 
     </span>
     <span class='ocr_line' id='line_1_4' title="bbox 255 745 1446 834; baseline -0.006 -11"><span class='ocrx_word' id='word_1_26' title='bbox 255 770 345 824; x_wconf 71' lang='lat' dir='ltr'><strong><em>essa</em></strong></span> <span class='ocrx_word' id='word_1_27' title='bbox 374 753 474 822; x_wconf 69' lang='lat' dir='ltr'><strong><em>naiso</em></strong></span> <span class='ocrx_word' id='word_1_28' title='bbox 502 753 623 820; x_wconf 71' lang='lat' dir='ltr'><strong><em>nibus-t</em></strong></span> <span class='ocrx_word' id='word_1_29' title='bbox 652 768 719 820; x_wconf 67' lang='lat' dir='ltr'><strong><em>rna</em></strong></span> <span class='ocrx_word' id='word_1_30' title='bbox 748 767 891 820; x_wconf 60' lang='lat' dir='ltr'><strong><em>aaron</em></strong></span> <span class='ocrx_word' id='word_1_31' title='bbox 920 767 969 819; x_wconf 79' lang='lat' dir='ltr'><strong><em>cs</em></strong></span> <span class='ocrx_word' id='word_1_32' title='bbox 997 751 1045 818; x_wconf 69' lang='lat' dir='ltr'><strong><em>ba</em></strong></span> <span class='ocrx_word' id='word_1_33' title='bbox 1074 764 1173 817; x_wconf 68' lang='lat' dir='ltr'><strong><em>nanae</em></strong></span> <span class='ocrx_word' id='word_1_34' title='bbox 1206 764 1252 816; x_wconf 71' lang='lat' dir='ltr'><strong><em>aa</em></strong></span> <span class='ocrx_word' id='word_1_35' title='bbox 1281 765 1316 834; x_wconf 67' lang='lat' dir='ltr'><strong><em>rs</em></strong></span> <span class='ocrx_word' id='word_1_36' title='bbox 1344 749 1385 816; x_wconf 72' lang='lat' dir='ltr'><strong><em>bs</em></strong></span> <span class='ocrx_word' id='word_1_37' title='bbox 1445 745 1446 834; x_wconf 58' lang='lat' dir='ltr'><strong><em>l</em></strong></span> 
     </span>
     <span class='ocr_line' id='line_1_5' title="bbox 254 851 1385 942; baseline -0.005 -18"><span class='ocrx_word' id='word_1_38' title='bbox 254 871 344 924; x_wconf 72' lang='lat' dir='ltr'><strong><em>uasa</em></strong></span> <span class='ocrx_word' id='word_1_39' title='bbox 370 871 499 940; x_wconf 68' lang='lat' dir='ltr'><strong><em>*lapara</em></strong></span> <span class='ocrx_word' id='word_1_40' title='bbox 520 870 569 922; x_wconf 78' lang='lat' dir='ltr'><strong><em>tau</em></strong></span> <span class='ocrx_word' id='word_1_41' title='bbox 592 871 640 922; x_wconf 73' lang='lat' dir='ltr'><strong><em>aas</em></strong></span> <span class='ocrx_word' id='word_1_42' title='bbox 664 871 726 923; x_wconf 69' lang='lat' dir='ltr'><strong><em>aa:</em></strong></span> <span class='ocrx_word' id='word_1_43' title='bbox 771 870 841 922; x_wconf 65' lang='lat' dir='ltr'><strong><em>risu</em></strong></span> <span class='ocrx_word' id='word_1_44' title='bbox 865 869 899 942; x_wconf 68' lang='lat' dir='ltr'><strong><em>p</em></strong></span> <span class='ocrx_word' id='word_1_45' title='bbox 921 855 961 922; x_wconf 68' lang='lat' dir='ltr'><strong><em>br</em></strong></span> <span class='ocrx_word' id='word_1_46' title='bbox 985 869 1078 921; x_wconf 67' lang='lat' dir='ltr'><strong><em>arare</em></strong></span> <span class='ocrx_word' id='word_1_47' title='bbox 1101 851 1231 920; x_wconf 60' lang='lat' dir='ltr'><strong><em>niciae</em></strong></span> <span class='ocrx_word' id='word_1_48' title='bbox 1248 853 1385 922; x_wconf 64' lang='lat' dir='ltr'><strong><em>barnas</em></strong></span> 
     </span>
     <span class='ocr_line' id='line_1_6' title="bbox 255 964 1386 1036; baseline -0.004 -14"><span class='ocrx_word' id='word_1_49' title='bbox 255 970 390 1024; x_wconf 65' lang='lat' dir='ltr'><strong><em>nimian</em></strong></span> <span class='ocrx_word' id='word_1_50' title='bbox 414 965 468 1020; x_wconf 80' lang='lat' dir='ltr'><strong><em>Est</em></strong></span> <span class='ocrx_word' id='word_1_51' title='bbox 489 965 721 1036; x_wconf 81' lang='lat' dir='ltr'><strong><em>coucupiscentia</em></strong></span> <span class='ocrx_word' id='word_1_52' title='bbox 741 965 820 1021; x_wconf 84' lang='lat' dir='ltr'><strong><em>mota</em></strong></span> <span class='ocrx_word' id='word_1_53' title='bbox 842 965 1045 1020; x_wconf 66' lang='lat' dir='ltr'><strong><em>excitativum</em></strong></span> <span class='ocrx_word' id='word_1_54' title='bbox 1067 965 1105 1020; x_wconf 86' lang='lat' dir='ltr'><strong><em>cd</em></strong></span> <span class='ocrx_word' id='word_1_55' title='bbox 1127 964 1331 1036; x_wconf 76' lang='lat' dir='ltr'><strong><em>tnqctucudum</em></strong></span> <span class='ocrx_word' id='word_1_56' title='bbox 1354 979 1386 1018; x_wconf 82' lang='lat' dir='ltr'><strong><em>ae</em></strong></span> 
     </span>
     <span class='ocr_line' id='line_1_7' title="bbox 256 1065 1447 1150; baseline 0 -28"><span class='ocrx_word' id='word_1_57' title='bbox 256 1065 500 1138; x_wconf 59' lang='lat' dir='ltr'><strong><em>vmpressiouoe</em></strong></span> <span class='ocrx_word' id='word_1_58' title='bbox 533 1066 599 1121; x_wconf 86' lang='lat' dir='ltr'><strong><em>ideo</em></strong></span> <span class='ocrx_word' id='word_1_59' title='bbox 629 1065 747 1135; x_wconf 69' lang='lat' dir='ltr'><strong><em>fiumina</em></strong></span> <span class='ocrx_word' id='word_1_60' title='bbox 775 1066 862 1138; x_wconf 73' lang='lat' dir='ltr'><strong><em>iguis.</em></strong></span> <span class='ocrx_word' id='word_1_61' title='bbox 914 1066 952 1122; x_wconf 83' lang='lat' dir='ltr'><strong><em>Et</em></strong></span> <span class='ocrx_word' id='word_1_62' title='bbox 980 1073 1022 1121; x_wconf 85' lang='lat' dir='ltr'><strong><em>est</em></strong></span> <span class='ocrx_word' id='word_1_63' title='bbox 1051 1066 1283 1137; x_wconf 81' lang='lat' dir='ltr'><strong><em>coucupiscentia</em></strong></span> <span class='ocrx_word' id='word_1_64' title='bbox 1305 1066 1387 1122; x_wconf 81' lang='lat' dir='ltr'><strong><em>mula</em></strong></span> <span class='ocrx_word' id='word_1_65' title='bbox 1446 1139 1447 1150; x_wconf 10' lang='grc' dir='ltr'>ἵ</span> 
     </span>
     <span class='ocr_line' id='line_1_8' title="bbox 255 1166 1447 1242; baseline -0.003 -16"><span class='ocrx_word' id='word_1_66' title='bbox 255 1171 379 1226; x_wconf 70' lang='lat' dir='ltr'><strong><em>inertiae</em></strong></span> <span class='ocrx_word' id='word_1_67' title='bbox 399 1185 457 1242; x_wconf 81' lang='lat' dir='ltr'><strong><em>pua</em></strong></span> <span class='ocrx_word' id='word_1_68' title='bbox 478 1166 604 1241; x_wconf 71' lang='lat' dir='ltr'><strong><em>offinuct</em></strong></span> <span class='ocrx_word' id='word_1_69' title='bbox 625 1185 656 1224; x_wconf 88' lang='grc' dir='ltr'><strong><em>εε</em></strong></span> <span class='ocrx_word' id='word_1_70' title='bbox 677 1168 762 1224; x_wconf 81' lang='lat' dir='ltr'><strong><em>homo</em></strong></span> <span class='ocrx_word' id='word_1_71' title='bbox 785 1176 815 1224; x_wconf 78' lang='lat' dir='ltr'><strong><em>ut</em></strong></span> <span class='ocrx_word' id='word_1_72' title='bbox 836 1170 915 1224; x_wconf 86' lang='lat' dir='ltr'><strong><em>iuers</em></strong></span> <span class='ocrx_word' id='word_1_73' title='bbox 938 1170 977 1224; x_wconf 83' lang='lat' dir='ltr'><strong><em>sit</em></strong></span> <span class='ocrx_word' id='word_1_74' title='bbox 998 1185 1017 1224; x_wconf 88' lang='lat' dir='ltr'><strong><em>c</em></strong></span> <span class='ocrx_word' id='word_1_75' title='bbox 1039 1169 1120 1224; x_wconf 85' lang='lat' dir='ltr'><strong><em>ltcuis</em></strong></span> <span class='ocrx_word' id='word_1_76' title='bbox 1143 1167 1292 1240; x_wconf 73' lang='lat' dir='ltr'><strong><em>operibus5</em></strong></span> <span class='ocrx_word' id='word_1_77' title='bbox 1319 1167 1387 1223; x_wconf 87' lang='lat' dir='ltr'><strong><em>ideo</em></strong></span> <span class='ocrx_word' id='word_1_78' title='bbox 1445 1203 1447 1226; x_wconf 57' lang='lat' dir='ltr'><strong><em>t</em></strong></span> 
     </span>
     <span class='ocr_line' id='line_1_9' title="bbox 255 1269 1447 1344; baseline -0.003 -17"><span class='ocrx_word' id='word_1_79' title='bbox 255 1273 365 1344; x_wconf 67' lang='lat' dir='ltr'><strong><em>flenter.</em></strong></span> <span class='ocrx_word' id='word_1_80' title='bbox 420 1269 536 1328; x_wconf 79' lang='lat' dir='ltr'><strong><em>Grcudo</em></strong></span> <span class='ocrx_word' id='word_1_81' title='bbox 564 1277 722 1343; x_wconf 82' lang='lat' dir='ltr'><strong><em>propterea</em></strong></span> <span class='ocrx_word' id='word_1_82' title='bbox 753 1271 827 1343; x_wconf 80' lang='lat' dir='ltr'><strong><em>quod</em></strong></span> <span class='ocrx_word' id='word_1_83' title='bbox 859 1269 1023 1342; x_wconf 75' lang='lat' dir='ltr'><strong><em>refrigescit</em></strong></span> <span class='ocrx_word' id='word_1_84' title='bbox 1053 1269 1135 1326; x_wconf 83' lang='lat' dir='ltr'><strong><em>homo</em></strong></span> <span class='ocrx_word' id='word_1_85' title='bbox 1162 1285 1181 1324; x_wconf 88' lang='grc' dir='ltr'><strong><em>α</em></strong></span> <span class='ocrx_word' id='word_1_86' title='bbox 1210 1269 1388 1341; x_wconf 75' lang='lat' dir='ltr'><strong><em>praeceptis.</em></strong></span> <span class='ocrx_word' id='word_1_87' title='bbox 1446 1295 1447 1344; x_wconf 54' lang='grc' dir='ltr'><strong><em>μ</em></strong></span> 
     </span>
     <span class='ocr_line' id='line_1_10' title="bbox 193 1363 1447 1458; baseline -0.002 -24"><span class='ocrx_word' id='word_1_88' title='bbox 193 1433 207 1458; x_wconf 49' lang='lat' dir='ltr'><em>s</em></span> <span class='ocrx_word' id='word_1_89' title='bbox 256 1371 398 1436; x_wconf 74' lang='lat' dir='ltr'><strong><em>Diversae</em></strong></span> <span class='ocrx_word' id='word_1_90' title='bbox 427 1369 506 1430; x_wconf 83' lang='lat' dir='ltr'><strong><em>enim</em></strong></span> <span class='ocrx_word' id='word_1_91' title='bbox 538 1387 593 1448; x_wconf 87' lang='lat' dir='ltr'><strong><em>pro</em></strong></span> <span class='ocrx_word' id='word_1_92' title='bbox 623 1370 751 1434; x_wconf 88' lang='lat' dir='ltr'><strong><em>dirersis</em></strong></span> <span class='ocrx_word' id='word_1_93' title='bbox 781 1369 910 1448; x_wconf 86' lang='lat' dir='ltr'><strong><em>peccatis</em></strong></span> <span class='ocrx_word' id='word_1_94' title='bbox 940 1369 1114 1450; x_wconf 84' lang='lat' dir='ltr'><strong><em>infliguntur</em></strong></span> <span class='ocrx_word' id='word_1_95' title='bbox 1147 1387 1276 1450; x_wconf 83' lang='lat' dir='ltr'><strong><em>paenae:</em></strong></span> <span class='ocrx_word' id='word_1_96' title='bbox 1316 1369 1389 1448; x_wconf 87' lang='lat' dir='ltr'><strong><em>igue</em></strong></span> <span class='ocrx_word' id='word_1_97' title='bbox 1446 1363 1447 1376; x_wconf 53' lang='lat'>¹</span> 
     </span>
     <span class='ocr_line' id='line_1_11' title="bbox 255 1470 1389 1554; baseline -0.004 -20"><span class='ocrx_word' id='word_1_98' title='bbox 255 1473 380 1554; x_wconf 84' lang='lat' dir='ltr'><strong><em>punitur</em></strong></span> <span class='ocrx_word' id='word_1_99' title='bbox 401 1472 644 1534; x_wconf 77' lang='lat' dir='ltr'><strong><em>excandescentia</em></strong></span> <span class='ocrx_word' id='word_1_100' title='bbox 667 1471 795 1533; x_wconf 89' lang='lat' dir='ltr'><strong><em>violandi</em></strong></span> <span class='ocrx_word' id='word_1_101' title='bbox 816 1479 1023 1551; x_wconf 88' lang='lat' dir='ltr'><strong><em>praeceptum,</em></strong></span> <span class='ocrx_word' id='word_1_102' title='bbox 1046 1479 1198 1534; x_wconf 76' lang='lat' dir='ltr'><strong><em>utcontra</em></strong></span> <span class='ocrx_word' id='word_1_103' title='bbox 1223 1470 1389 1550; x_wconf 87' lang='lat' dir='ltr'><strong><em>neglegen-</em></strong></span> 
     </span>
     <span class='ocr_line' id='line_1_12' title="bbox 256 1568 1391 1657; baseline -0.002 -19"><span class='ocrx_word' id='word_1_104' title='bbox 256 1578 314 1638; x_wconf 81' lang='lat' dir='ltr'><strong><em>tIae</em></strong></span> <span class='ocrx_word' id='word_1_105' title='bbox 351 1577 445 1654; x_wconf 81' lang='lat' dir='ltr'><strong><em>trigue</em></strong></span> <span class='ocrx_word' id='word_1_106' title='bbox 482 1575 626 1654; x_wconf 77' lang='lat' dir='ltr'><strong><em>grandine</em></strong></span> <span class='ocrx_word' id='word_1_107' title='bbox 659 1574 764 1654; x_wconf 86' lang='lat' dir='ltr'><strong><em>gelata.</em></strong></span> <span class='ocrx_word' id='word_1_108' title='bbox 796 1613 836 1624; x_wconf 89' lang='lat'><em>-</em></span> <span class='ocrx_word' id='word_1_109' title='bbox 884 1571 1065 1653; x_wconf 76' lang='grc' dir='ltr'><em>Ἐγένετο</em></span> <span class='ocrx_word' id='word_1_110' title='bbox 1097 1568 1213 1657; x_wconf 76' lang='grc' dir='ltr'><strong><em>χάλαζα</em></strong></span> <span class='ocrx_word' id='word_1_111' title='bbox 1241 1571 1295 1637; x_wconf 79' lang='grc' dir='ltr'><strong><em>ναὶ</em></strong></span> <span class='ocrx_word' id='word_1_112' title='bbox 1321 1575 1391 1652; x_wconf 81' lang='grc' dir='ltr'><strong><em>πῦρ</em></strong></span> 
     </span>
     <span class='ocr_line' id='line_1_13' title="bbox 258 1676 1390 1763; baseline -0.011 -17"><span class='ocrx_word' id='word_1_113' title='bbox 258 1683 480 1763; x_wconf 77' lang='grc' dir='ltr'><strong><em>μεμιγμένα</em></strong></span> <span class='ocrx_word' id='word_1_114' title='bbox 501 1680 575 1741; x_wconf 87' lang='lat' dir='ltr'><strong><em>nihil</em></strong></span> <span class='ocrx_word' id='word_1_115' title='bbox 598 1679 677 1742; x_wconf 87' lang='lat' dir='ltr'><strong><em>aliud</em></strong></span> <span class='ocrx_word' id='word_1_116' title='bbox 701 1698 784 1740; x_wconf 90' lang='lat' dir='ltr'><strong><em>more</em></strong></span> <span class='ocrx_word' id='word_1_117' title='bbox 805 1695 941 1742; x_wconf 82' lang='lat' dir='ltr'><strong><em>aramaeo</em></strong></span> <span class='ocrx_word' id='word_1_118' title='bbox 965 1677 1133 1758; x_wconf 84' lang='lat' dir='ltr'><strong><em>siguificare</em></strong></span> <span class='ocrx_word' id='word_1_119' title='bbox 1155 1676 1274 1738; x_wconf 81' lang='lat' dir='ltr'><strong><em>ridetur</em></strong></span> <span class='ocrx_word' id='word_1_120' title='bbox 1296 1693 1390 1754; x_wconf 86' lang='lat' dir='ltr'><strong><em>quam</em></strong></span> 
     </span>
    </p>
   </div>
   <div class='ocr_carea' id='block_1_3' title="bbox 256 1775 1449 2474">
    <p class='ocr_par' dir='ltr' id='par_1_3' title="bbox 256 1775 1449 2474">
     <span class='ocr_line' id='line_1_14' title="bbox 258 1775 1448 1864; baseline -0.011 -20"><span class='ocrx_word' id='word_1_121' title='bbox 258 1775 337 1864; x_wconf 82' lang='lat' dir='ltr'><strong><em>quod</em></strong></span> <span class='ocrx_word' id='word_1_122' title='bbox 358 1789 507 1843; x_wconf 77' lang='lat' dir='ltr'><strong><em>nostrates</em></strong></span> <span class='ocrx_word' id='word_1_123' title='bbox 530 1781 648 1843; x_wconf 86' lang='lat' dir='ltr'><strong><em>dicunt:</em></strong></span> <span class='ocrx_word' id='word_1_124' title='bbox 672 1797 704 1839; x_wconf 75' lang='lat' dir='ltr'><strong><em>es</em></strong></span> <span class='ocrx_word' id='word_1_125' title='bbox 723 1785 871 1840; x_wconf 79' lang='lat' dir='ltr'><strong><em>worden</em></strong></span> <span class='ocrx_word' id='word_1_126' title='bbox 892 1782 991 1854; x_wconf 78' lang='lat' dir='ltr'><strong><em>Hcpcl</em></strong></span> <span class='ocrx_word' id='word_1_127' title='bbox 1012 1783 1070 1840; x_wconf 82' lang='lat' dir='ltr'><strong><em>oud</em></strong></span> <span class='ocrx_word' id='word_1_128' title='bbox 1091 1783 1184 1838; x_wconf 77' lang='lat' dir='ltr'><strong><em>Feucr</em></strong></span> <span class='ocrx_word' id='word_1_129' title='bbox 1200 1779 1390 1854; x_wconf 73' lang='lat' dir='ltr'><strong><em>gemiscit.</em></strong></span> <span class='ocrx_word' id='word_1_130' title='bbox 1447 1805 1448 1830; x_wconf 81' lang='lat' dir='ltr'><strong><em>t</em></strong></span> 
     </span>
     <span class='ocr_line' id='line_1_15' title="bbox 256 1878 1391 1954; baseline -0.006 -7"><span class='ocrx_word' id='word_1_131' title='bbox 256 1885 318 1947; x_wconf 87' lang='lat' dir='ltr'><strong><em>Nec</em></strong></span> <span class='ocrx_word' id='word_1_132' title='bbox 339 1891 435 1946; x_wconf 86' lang='lat' dir='ltr'><strong><em>tamen</em></strong></span> <span class='ocrx_word' id='word_1_133' title='bbox 465 1884 543 1944; x_wconf 91' lang='lat' dir='ltr'><strong><em>inter</em></strong></span> <span class='ocrx_word' id='word_1_134' title='bbox 571 1902 639 1944; x_wconf 86' lang='lat' dir='ltr'><strong><em>sese</em></strong></span> <span class='ocrx_word' id='word_1_135' title='bbox 664 1884 737 1944; x_wconf 84' lang='lat' dir='ltr'><strong><em>haec</em></strong></span> <span class='ocrx_word' id='word_1_136' title='bbox 767 1883 825 1944; x_wconf 92' lang='lat' dir='ltr'><strong><em>duo</em></strong></span> <span class='ocrx_word' id='word_1_137' title='bbox 850 1883 938 1944; x_wconf 83' lang='lat' dir='ltr'><strong><em>mixta</em></strong></span> <span class='ocrx_word' id='word_1_138' title='bbox 966 1901 1033 1943; x_wconf 89' lang='lat' dir='ltr'><strong><em>esse</em></strong></span> <span class='ocrx_word' id='word_1_139' title='bbox 1062 1887 1233 1954; x_wconf 87' lang='lat' dir='ltr'><strong><em>narrantur,</em></strong></span> <span class='ocrx_word' id='word_1_140' title='bbox 1265 1878 1316 1940; x_wconf 89' lang='lat' dir='ltr'><strong><em>sed</em></strong></span> <span class='ocrx_word' id='word_1_141' title='bbox 1349 1879 1391 1940; x_wconf 91' lang='lat' dir='ltr'><strong><em>iis</em></strong></span> 
     </span>
     <span class='ocr_line' id='line_1_16' title="bbox 257 1985 1393 2071; baseline -0.004 -23"><span class='ocrx_word' id='word_1_142' title='bbox 257 1987 445 2071; x_wconf 82' lang='lat' dir='ltr'><strong><em>immiscetur</em></strong></span> <span class='ocrx_word' id='word_1_143' title='bbox 466 1987 597 2064; x_wconf 86' lang='lat' dir='ltr'><strong><em>sanguis.</em></strong></span> <span class='ocrx_word' id='word_1_144' title='bbox 642 1985 706 2050; x_wconf 89' lang='lat' dir='ltr'><strong><em>lloc</em></strong></span> <span class='ocrx_word' id='word_1_145' title='bbox 723 1986 802 2047; x_wconf 86' lang='lat' dir='ltr'><strong><em>enirn</em></strong></span> <span class='ocrx_word' id='word_1_146' title='bbox 819 1986 964 2065; x_wconf 85' lang='lat' dir='ltr'><strong><em>signifieat</em></strong></span> <span class='ocrx_word' id='word_1_147' title='bbox 984 1985 1148 2069; x_wconf 72' lang='grc' dir='ltr'><strong><em>μεμιγμένα</em></strong></span> <span class='ocrx_word' id='word_1_148' title='bbox 1169 1987 1201 2047; x_wconf 80' lang='grc' dir='ltr'><strong><em>ἐν</em></strong></span> <span class='ocrx_word' id='word_1_149' title='bbox 1216 1988 1332 2064; x_wconf 77' lang='grc' dir='ltr'><strong><em>αἵματι,</em></strong></span> <span class='ocrx_word' id='word_1_150' title='bbox 1354 1991 1393 2044; x_wconf 86' lang='lat' dir='ltr'><strong><em>ut</em></strong></span> 
     </span>
     <span class='ocr_line' id='line_1_17' title="bbox 257 2084 1393 2172; baseline -0.004 -22"><span class='ocrx_word' id='word_1_151' title='bbox 257 2107 293 2172; x_wconf 80' lang='grc' dir='ltr'><strong><em>ψ.</em></strong></span> <span class='ocrx_word' id='word_1_152' title='bbox 318 2086 382 2160; x_wconf 79' lang='lat' dir='ltr'><strong><em>Cli,</em></strong></span> <span class='ocrx_word' id='word_1_153' title='bbox 413 2084 467 2147; x_wconf 88' lang='lat' dir='ltr'><strong><em>lo:</em></strong></span> <span class='ocrx_word' id='word_1_154' title='bbox 499 2098 602 2150; x_wconf 55' lang='lat' dir='ltr'><strong><em>*nacti</em></strong></span> <span class='ocrx_word' id='word_1_155' title='bbox 626 2099 704 2150; x_wconf 64' lang='lat'><strong><em>³52³</em></strong></span> <span class='ocrx_word' id='word_1_156' title='bbox 728 2101 804 2169; x_wconf 58' lang='lat' dir='ltr'><strong><em>alpis</em></strong></span> <span class='ocrx_word' id='word_1_157' title='bbox 829 2099 929 2164; x_wconf 85' lang='lat' dir='ltr'><strong><em>potum</em></strong></span> <span class='ocrx_word' id='word_1_158' title='bbox 949 2109 1040 2148; x_wconf 83' lang='lat' dir='ltr'><strong><em>meum</em></strong></span> <span class='ocrx_word' id='word_1_159' title='bbox 1059 2093 1091 2146; x_wconf 85' lang='lat' dir='ltr'><strong><em>iu</em></strong></span> <span class='ocrx_word' id='word_1_160' title='bbox 1109 2091 1255 2163; x_wconf 72' lang='grc' dir='ltr'><strong><em>μείναιεν</em></strong></span> <span class='ocrx_word' id='word_1_161' title='bbox 1283 2091 1393 2146; x_wconf 82' lang='lat' dir='ltr'><strong><em>miscui</em></strong></span> 
     </span>
     <span class='ocr_line' id='line_1_18' title="bbox 258 2188 1449 2269; baseline -0.002 -17"><span class='ocrx_word' id='word_1_162' title='bbox 258 2192 288 2252; x_wconf 93' lang='lat' dir='ltr'><strong><em>h.</em></strong></span> <span class='ocrx_word' id='word_1_163' title='bbox 308 2209 333 2252; x_wconf 88' lang='lat' dir='ltr'><strong><em>e.</em></strong></span> <span class='ocrx_word' id='word_1_164' title='bbox 364 2191 395 2252; x_wconf 92' lang='lat' dir='ltr'><strong><em>in</em></strong></span> <span class='ocrx_word' id='word_1_165' title='bbox 423 2198 523 2269; x_wconf 88' lang='lat' dir='ltr'><strong><em>potum</em></strong></span> <span class='ocrx_word' id='word_1_166' title='bbox 552 2207 651 2252; x_wconf 88' lang='lat' dir='ltr'><strong><em>meum</em></strong></span> <span class='ocrx_word' id='word_1_167' title='bbox 678 2191 864 2254; x_wconf 75' lang='lat' dir='ltr'><strong><em>distillarunt</em></strong></span> <span class='ocrx_word' id='word_1_168' title='bbox 889 2191 1036 2252; x_wconf 88' lang='lat' dir='ltr'><strong><em>lacrimae.</em></strong></span> <span class='ocrx_word' id='word_1_169' title='bbox 1082 2189 1208 2268; x_wconf 82' lang='lat' dir='ltr'><strong><em>Sanguis</em></strong></span> <span class='ocrx_word' id='word_1_170' title='bbox 1236 2207 1307 2249; x_wconf 79' lang='lat' dir='ltr'><strong><em>vero</em></strong></span> <span class='ocrx_word' id='word_1_171' title='bbox 1338 2188 1392 2250; x_wconf 91' lang='lat' dir='ltr'><strong><em>hic</em></strong></span> <span class='ocrx_word' id='word_1_172' title='bbox 1448 2257 1449 2260; x_wconf 8' lang='grc' dir='ltr'><strong>Ἴ</strong></span> 
     </span>
     <span class='ocr_line' id='line_1_19' title="bbox 258 2285 1392 2372; baseline 0.002 -21"><span class='ocrx_word' id='word_1_173' title='bbox 258 2285 305 2352; x_wconf 78' lang='lat' dir='ltr'><strong><em>es&#39;t</em></strong></span> <span class='ocrx_word' id='word_1_174' title='bbox 332 2291 452 2369; x_wconf 88' lang='lat' dir='ltr'><strong><em>sanguis</em></strong></span> <span class='ocrx_word' id='word_1_175' title='bbox 475 2293 586 2354; x_wconf 85' lang='lat' dir='ltr'><strong><em>Christi</em></strong></span> <span class='ocrx_word' id='word_1_176' title='bbox 617 2292 666 2372; x_wconf 89' lang='lat' dir='ltr'><strong><em>qui</em></strong></span> <span class='ocrx_word' id='word_1_177' title='bbox 696 2293 854 2356; x_wconf 85' lang='lat' dir='ltr'><strong><em>coniicitur</em></strong></span> <span class='ocrx_word' id='word_1_178' title='bbox 883 2293 1004 2356; x_wconf 88' lang='lat' dir='ltr'><strong><em>caelitus</em></strong></span> <span class='ocrx_word' id='word_1_179' title='bbox 1034 2293 1065 2353; x_wconf 93' lang='lat' dir='ltr'><strong><em>in</em></strong></span> <span class='ocrx_word' id='word_1_180' title='bbox 1093 2300 1202 2355; x_wconf 83' lang='lat' dir='ltr'><strong><em>terrain</em></strong></span> <span class='ocrx_word' id='word_1_181' title='bbox 1232 2291 1262 2352; x_wconf 92' lang='lat' dir='ltr'><strong><em>h.</em></strong></span> <span class='ocrx_word' id='word_1_182' title='bbox 1285 2311 1311 2352; x_wconf 93' lang='lat' dir='ltr'><strong><em>e.</em></strong></span> <span class='ocrx_word' id='word_1_183' title='bbox 1335 2292 1392 2354; x_wconf 87' lang='lat' dir='ltr'><strong><em>tu·</em></strong></span> 
     </span>
     <span class='ocr_line' id='line_1_20' title="bbox 259 2385 1391 2474; baseline 0.001 -22"><span class='ocrx_word' id='word_1_184' title='bbox 259 2391 350 2453; x_wconf 88' lang='lat' dir='ltr'><strong><em>daeos</em></strong></span> <span class='ocrx_word' id='word_1_185' title='bbox 373 2401 404 2453; x_wconf 92' lang='lat' dir='ltr'><strong><em>ut</em></strong></span> <span class='ocrx_word' id='word_1_186' title='bbox 426 2392 455 2453; x_wconf 92' lang='lat' dir='ltr'><strong><em>id</em></strong></span> <span class='ocrx_word' id='word_1_187' title='bbox 484 2393 563 2474; x_wconf 87' lang='lat' dir='ltr'><strong><em>qnod</em></strong></span> <span class='ocrx_word' id='word_1_188' title='bbox 586 2393 745 2456; x_wconf 87' lang='lat' dir='ltr'><strong><em>voluerunt</em></strong></span> <span class='ocrx_word' id='word_1_189' title='bbox 767 2395 805 2457; x_wconf 90' lang='lat' dir='ltr'><strong><em>iis</em></strong></span> <span class='ocrx_word' id='word_1_190' title='bbox 831 2395 946 2457; x_wconf 87' lang='lat' dir='ltr'><strong><em>eveniat</em></strong></span> <span class='ocrx_word' id='word_1_191' title='bbox 969 2394 1132 2456; x_wconf 89' lang='lat' dir='ltr'><strong><em>secundum</em></strong></span> <span class='ocrx_word' id='word_1_192' title='bbox 1154 2385 1289 2455; x_wconf 87' lang='lat' dir='ltr'><strong><em>terribile</em></strong></span> <span class='ocrx_word' id='word_1_193' title='bbox 1312 2391 1391 2453; x_wconf 91' lang='lat' dir='ltr'><strong><em>illud</em></strong></span> 
     </span>
    </p>
   </div>
   <div class='ocr_carea' id='block_1_4' title="bbox 154 2491 1450 4419">
    <p class='ocr_par' dir='ltr' id='par_1_4' title="bbox 232 2491 1450 4322">
     <span class='ocr_line' id='line_1_21' title="bbox 258 2491 1392 2581; baseline -0.003 -25"><span class='ocrx_word' id='word_1_194' title='bbox 258 2495 386 2558; x_wconf 88' lang='lat' dir='ltr'><strong><em>dictum:</em></strong></span> <span class='ocrx_word' id='word_1_195' title='bbox 426 2491 464 2559; x_wconf 81' lang='grc' dir='ltr'><strong><em>τὸ</em></strong></span> <span class='ocrx_word' id='word_1_196' title='bbox 497 2493 574 2574; x_wconf 83' lang='grc' dir='ltr'><strong><em>αἷμα</em></strong></span> <span class='ocrx_word' id='word_1_197' title='bbox 609 2491 706 2561; x_wconf 74' lang='grc' dir='ltr'><strong><em>αὐτοῦ</em></strong></span> <span class='ocrx_word' id='word_1_198' title='bbox 739 2495 785 2576; x_wconf 74' lang='lat' dir='ltr'><strong><em>io?</em></strong></span> <span class='ocrx_word' id='word_1_199' title='bbox 815 2494 895 2581; x_wconf 76' lang='grc' dir='ltr'><strong><em>ἡμᾶς</em></strong></span> <span class='ocrx_word' id='word_1_200' title='bbox 929 2495 981 2560; x_wconf 80' lang='grc' dir='ltr'><strong><em>καὶ</em></strong></span> <span class='ocrx_word' id='word_1_201' title='bbox 1013 2495 1062 2561; x_wconf 73' lang='grc' dir='ltr'><strong><em>ἐπὶ</em></strong></span> <span class='ocrx_word' id='word_1_202' title='bbox 1091 2491 1129 2560; x_wconf 79' lang='grc' dir='ltr'><strong><em>τὰ</em></strong></span> <span class='ocrx_word' id='word_1_203' title='bbox 1163 2499 1259 2560; x_wconf 80' lang='grc' dir='ltr'><strong><em>τέκνα</em></strong></span> <span class='ocrx_word' id='word_1_204' title='bbox 1285 2491 1392 2575; x_wconf 67' lang='grc' dir='ltr'><strong><em>ἡμῶν]</em></strong></span> 
     </span>
     <span class='ocr_line' id='line_1_22' title="bbox 258 2593 1393 2677; baseline -0.003 -17"><span class='ocrx_word' id='word_1_205' title='bbox 258 2595 307 2660; x_wconf 82' lang='lat' dir='ltr'><strong><em>lli.</em></strong></span> <span class='ocrx_word' id='word_1_206' title='bbox 328 2595 462 2669; x_wconf 85' lang='lat' dir='ltr'>·xxv11,</span> <span class='ocrx_word' id='word_1_207' title='bbox 497 2593 550 2657; x_wconf 77' lang='lat'><strong><em>25.</em></strong></span> <span class='ocrx_word' id='word_1_208' title='bbox 587 2598 625 2660; x_wconf 90' lang='lat' dir='ltr'><strong><em>cl.</em></strong></span> <span class='ocrx_word' id='word_1_209' title='bbox 654 2599 764 2672; x_wconf 87' lang='lat' dir='ltr'>XXIII,</span> <span class='ocrx_word' id='word_1_210' title='bbox 805 2595 856 2662; x_wconf 73' lang='lat'><strong><em>35.</em></strong></span> <span class='ocrx_word' id='word_1_211' title='bbox 914 2599 974 2660; x_wconf 87' lang='lat' dir='ltr'><strong><em>lam</em></strong></span> <span class='ocrx_word' id='word_1_212' title='bbox 1008 2599 1136 2677; x_wconf 78' lang='lat' dir='ltr'><strong><em>nigidus</em></strong></span> <span class='ocrx_word' id='word_1_213' title='bbox 1170 2598 1287 2658; x_wconf 83' lang='lat' dir='ltr'><strong><em>animus</em></strong></span> <span class='ocrx_word' id='word_1_214' title='bbox 1327 2617 1393 2677; x_wconf 86' lang='lat' dir='ltr'><strong><em>quo</em></strong></span> 
     </span>
     <span class='ocr_line' id='line_1_23' title="bbox 232 2691 1395 2778; baseline -0.001 -18"><span class='ocrx_word' id='word_1_215' title='bbox 232 2691 398 2762; x_wconf 59' lang='lat' dir='ltr'><strong><em>‘messiam</em></strong></span> <span class='ocrx_word' id='word_1_216' title='bbox 435 2707 630 2777; x_wconf 82' lang='lat' dir='ltr'><strong><em>exceperunt,</em></strong></span> <span class='ocrx_word' id='word_1_217' title='bbox 668 2699 821 2778; x_wconf 79' lang='lat' dir='ltr'><strong><em>grandinis</em></strong></span> <span class='ocrx_word' id='word_1_218' title='bbox 856 2700 948 2761; x_wconf 86' lang='lat' dir='ltr'><strong><em>ictum</em></strong></span> <span class='ocrx_word' id='word_1_219' title='bbox 983 2699 1115 2777; x_wconf 81' lang='lat' dir='ltr'><strong><em>effugere</em></strong></span> <span class='ocrx_word' id='word_1_220' title='bbox 1147 2717 1206 2759; x_wconf 91' lang='lat' dir='ltr'><strong><em>non</em></strong></span> <span class='ocrx_word' id='word_1_221' title='bbox 1233 2697 1330 2776; x_wconf 89' lang='lat' dir='ltr'><strong><em>potuit</em></strong></span> <span class='ocrx_word' id='word_1_222' title='bbox 1360 2706 1395 2759; x_wconf 91' lang='lat' dir='ltr'><strong><em>et</em></strong></span> 
     </span>
     <span class='ocr_line' id='line_1_24' title="bbox 259 2801 1395 2882; baseline 0.003 -22"><span class='ocrx_word' id='word_1_223' title='bbox 259 2817 327 2861; x_wconf 89' lang='lat' dir='ltr'><strong><em>cum</em></strong></span> <span class='ocrx_word' id='word_1_224' title='bbox 359 2817 395 2860; x_wconf 89' lang='lat' dir='ltr'><strong><em>eo</em></strong></span> <span class='ocrx_word' id='word_1_225' title='bbox 433 2818 530 2881; x_wconf 86' lang='lat' dir='ltr'><strong><em>nsque</em></strong></span> <span class='ocrx_word' id='word_1_226' title='bbox 566 2801 614 2862; x_wconf 90' lang='lat' dir='ltr'><strong><em>dei</em></strong></span> <span class='ocrx_word' id='word_1_227' title='bbox 645 2801 823 2865; x_wconf 87' lang='lat' dir='ltr'><strong><em>voluntatem</em></strong></span> <span class='ocrx_word' id='word_1_228' title='bbox 853 2802 1085 2866; x_wconf 86' lang='lat' dir='ltr'><strong><em>transcesserint</em></strong></span> <span class='ocrx_word' id='word_1_229' title='bbox 1112 2812 1145 2864; x_wconf 92' lang='lat' dir='ltr'><strong><em>ut</em></strong></span> <span class='ocrx_word' id='word_1_230' title='bbox 1173 2803 1220 2863; x_wconf 86' lang='lat' dir='ltr'><strong><em>vel</em></strong></span> <span class='ocrx_word' id='word_1_231' title='bbox 1247 2813 1395 2882; x_wconf 79' lang='lat' dir='ltr'><strong><em>necarent</em></strong></span> 
     </span>
     <span class='ocr_line' id='line_1_25' title="bbox 258 2903 1393 2986; baseline 0 -20"><span class='ocrx_word' id='word_1_232' title='bbox 258 2905 343 2968; x_wconf 85' lang='lat' dir='ltr'><strong><em>illum</em></strong></span> <span class='ocrx_word' id='word_1_233' title='bbox 367 2903 509 2966; x_wconf 83' lang='lat' dir='ltr'><strong><em>divinitus</em></strong></span> <span class='ocrx_word' id='word_1_234' title='bbox 532 2904 569 2966; x_wconf 89' lang='lat' dir='ltr'><strong><em>iis</em></strong></span> <span class='ocrx_word' id='word_1_235' title='bbox 594 2905 737 2980; x_wconf 89' lang='lat' dir='ltr'><strong><em>missum,</em></strong></span> <span class='ocrx_word' id='word_1_236' title='bbox 768 2907 846 2986; x_wconf 85' lang='lat' dir='ltr'><strong><em>Ignis</em></strong></span> <span class='ocrx_word' id='word_1_237' title='bbox 875 2908 980 2968; x_wconf 87' lang='lat' dir='ltr'><strong><em>merito</em></strong></span> <span class='ocrx_word' id='word_1_238' title='bbox 1004 2905 1101 2968; x_wconf 89' lang='lat' dir='ltr'><strong><em>irruit.</em></strong></span> <span class='ocrx_word' id='word_1_239' title='bbox 1146 2903 1240 2967; x_wconf 84' lang='lat' dir='ltr'><strong><em>Dediti</em></strong></span> <span class='ocrx_word' id='word_1_240' title='bbox 1264 2905 1393 2967; x_wconf 89' lang='lat' dir='ltr'><strong><em>suntin</em></strong></span> 
     </span>
     <span class='ocr_line' id='line_1_26' title="bbox 258 3005 1395 3085; baseline 0.003 -18"><span class='ocrx_word' id='word_1_241' title='bbox 258 3005 375 3085; x_wconf 87' lang='lat' dir='ltr'><strong><em>prolani</em></strong></span> <span class='ocrx_word' id='word_1_242' title='bbox 402 3005 449 3067; x_wconf 85' lang='lat' dir='ltr'><strong><em>sui</em></strong></span> <span class='ocrx_word' id='word_1_243' title='bbox 474 3007 574 3068; x_wconf 84' lang='lat' dir='ltr'><strong><em>cordis</em></strong></span> <span class='ocrx_word' id='word_1_244' title='bbox 603 3007 752 3070; x_wconf 89' lang='lat' dir='ltr'><strong><em>desideria</em></strong></span> <span class='ocrx_word' id='word_1_245' title='bbox 783 3018 812 3071; x_wconf 90' lang='lat' dir='ltr'><strong><em>et</em></strong></span> <span class='ocrx_word' id='word_1_246' title='bbox 839 3011 968 3071; x_wconf 80' lang='lat' dir='ltr'><strong><em>animus·</em></strong></span> <span class='ocrx_word' id='word_1_247' title='bbox 987 3025 1089 3070; x_wconf 88' lang='lat' dir='ltr'><strong><em>eorum</em></strong></span> <span class='ocrx_word' id='word_1_248' title='bbox 1117 3007 1265 3071; x_wconf 88' lang='lat' dir='ltr'><strong><em>obduruit.</em></strong></span> <span class='ocrx_word' id='word_1_249' title='bbox 1311 3010 1395 3071; x_wconf 89' lang='lat' dir='ltr'><strong><em>Sub-</em></strong></span> 
     </span>
     <span class='ocr_line' id='line_1_27' title="bbox 260 3107 1394 3190; baseline 0.001 -19"><span class='ocrx_word' id='word_1_250' title='bbox 260 3119 420 3172; x_wconf 79' lang='lat' dir='ltr'><strong><em>senserunt</em></strong></span> <span class='ocrx_word' id='word_1_251' title='bbox 434 3107 535 3188; x_wconf 63' lang='lat' dir='ltr'><strong><em>‘igitur</em></strong></span> <span class='ocrx_word' id='word_1_252' title='bbox 554 3110 666 3190; x_wconf 81' lang='lat' dir='ltr'><strong><em>ailquid</em></strong></span> <span class='ocrx_word' id='word_1_253' title='bbox 689 3113 809 3174; x_wconf 83' lang='lat' dir='ltr'><strong><em>dlcasar</em></strong></span> <span class='ocrx_word' id='word_1_254' title='bbox 832 3122 860 3172; x_wconf 91' lang='lat' dir='ltr'><strong><em>et</em></strong></span> <span class='ocrx_word' id='word_1_255' title='bbox 883 3113 1004 3173; x_wconf 84' lang='lat' dir='ltr'><strong><em>Grotius</em></strong></span> <span class='ocrx_word' id='word_1_256' title='bbox 1034 3129 1102 3173; x_wconf 87' lang='lat' dir='ltr'><strong><em>cum</em></strong></span> <span class='ocrx_word' id='word_1_257' title='bbox 1125 3111 1161 3173; x_wconf 92' lang='lat' dir='ltr'><strong><em>de</em></strong></span> <span class='ocrx_word' id='word_1_258' title='bbox 1184 3112 1260 3172; x_wconf 86' lang='lat' dir='ltr'><strong><em>lamo</em></strong></span> <span class='ocrx_word' id='word_1_259' title='bbox 1281 3121 1314 3172; x_wconf 87' lang='lat' dir='ltr'><strong><em>et</em></strong></span> <span class='ocrx_word' id='word_1_260' title='bbox 1334 3111 1394 3172; x_wconf 91' lang='lat' dir='ltr'><strong><em>ob-</em></strong></span> 
     </span>
     <span class='ocr_line' id='line_1_28' title="bbox 258 3201 1449 3300; baseline 0.005 -27"><span class='ocrx_word' id='word_1_261' title='bbox 258 3213 414 3274; x_wconf 89' lang='lat' dir='ltr'><strong><em>duratione</em></strong></span> <span class='ocrx_word' id='word_1_262' title='bbox 436 3213 638 3300; x_wconf 75' lang='lat' dir='ltr'><strong><em>loquerentur.</em></strong></span> <span class='ocrx_word' id='word_1_263' title='bbox 684 3216 757 3278; x_wconf 87' lang='lat' dir='ltr'><strong><em>Pars</em></strong></span> <span class='ocrx_word' id='word_1_264' title='bbox 782 3219 868 3278; x_wconf 84' lang='lat' dir='ltr'><strong><em>tortia</em></strong></span> <span class='ocrx_word' id='word_1_265' title='bbox 898 3217 947 3279; x_wconf 84' lang='lat' dir='ltr'><strong><em>hle</em></strong></span> <span class='ocrx_word' id='word_1_266' title='bbox 971 3223 1001 3278; x_wconf 90' lang='lat' dir='ltr'><strong><em>et</em></strong></span> <span class='ocrx_word' id='word_1_267' title='bbox 1023 3217 1105 3291; x_wconf 88' lang='lat' dir='ltr'>VIII,</span> <span class='ocrx_word' id='word_1_268' title='bbox 1132 3215 1167 3278; x_wconf 82' lang='lat' dir='ltr'><strong><em>s:</em></strong></span> <span class='ocrx_word' id='word_1_269' title='bbox 1189 3215 1238 3277; x_wconf 93' lang='lat' dir='ltr'><strong><em>ll.</em></strong></span> <span class='ocrx_word' id='word_1_270' title='bbox 1265 3213 1315 3278; x_wconf 82' lang='lat'><strong><em>12.</em></strong></span> <span class='ocrx_word' id='word_1_271' title='bbox 1341 3201 1394 3298; x_wconf 76' lang='lat' dir='ltr'><strong><em>XX,</em></strong></span> <span class='ocrx_word' id='word_1_272' title='bbox 1448 3219 1449 3222; x_wconf 72' lang='grc'>’</span> 
     </span>
     <span class='ocr_line' id='line_1_29' title="bbox 261 3313 1394 3399; baseline 0.005 -23"><span class='ocrx_word' id='word_1_273' title='bbox 261 3313 312 3378; x_wconf 84' lang='lat' dir='ltr'><strong><em>lo.</em></strong></span> <span class='ocrx_word' id='word_1_274' title='bbox 340 3313 390 3375; x_wconf 86' lang='lat' dir='ltr'><strong><em>ls.</em></strong></span> <span class='ocrx_word' id='word_1_275' title='bbox 421 3315 492 3388; x_wconf 88' lang='lat' dir='ltr'>XII,</span> <span class='ocrx_word' id='word_1_276' title='bbox 525 3314 556 3378; x_wconf 83' lang='lat'><strong><em>4.</em></strong></span> <span class='ocrx_word' id='word_1_277' title='bbox 584 3316 620 3378; x_wconf 90' lang='lat' dir='ltr'><strong><em>ad</em></strong></span> <span class='ocrx_word' id='word_1_278' title='bbox 649 3319 872 3397; x_wconf 87' lang='lat' dir='ltr'><strong><em>proportionem</em></strong></span> <span class='ocrx_word' id='word_1_279' title='bbox 902 3320 1209 3399; x_wconf 84' lang='lat' dir='ltr'><strong><em>progressionemque</em></strong></span> <span class='ocrx_word' id='word_1_280' title='bbox 1239 3319 1394 3398; x_wconf 71' lang='lat' dir='ltr'><strong><em>quondm</em></strong></span> 
     </span>
     <span class='ocr_line' id='line_1_30' title="bbox 259 3416 1395 3504; baseline 0.002 -24"><span class='ocrx_word' id='word_1_281' title='bbox 259 3416 447 3481; x_wconf 86' lang='lat' dir='ltr'><strong><em>miseriarum</em></strong></span> <span class='ocrx_word' id='word_1_282' title='bbox 471 3419 643 3496; x_wconf 78' lang='lat' dir='ltr'><strong><em>relataes13</em></strong></span> <span class='ocrx_word' id='word_1_283' title='bbox 674 3440 764 3500; x_wconf 86' lang='lat' dir='ltr'><strong><em>supra</em></strong></span> <span class='ocrx_word' id='word_1_284' title='bbox 785 3419 838 3495; x_wconf 80' lang='lat' dir='ltr'><strong><em>Vl,</em></strong></span> <span class='ocrx_word' id='word_1_285' title='bbox 866 3419 898 3484; x_wconf 83' lang='grc'><strong><em>8.</em></strong></span> <span class='ocrx_word' id='word_1_286' title='bbox 922 3431 1024 3504; x_wconf 82' lang='lat' dir='ltr'><strong><em>q&#39;uarta</em></strong></span> <span class='ocrx_word' id='word_1_287' title='bbox 1047 3441 1132 3501; x_wconf 85' lang='lat' dir='ltr'><strong><em>pars,</em></strong></span> <span class='ocrx_word' id='word_1_288' title='bbox 1158 3422 1187 3482; x_wconf 92' lang='lat' dir='ltr'><strong><em>in</em></strong></span> <span class='ocrx_word' id='word_1_289' title='bbox 1210 3419 1319 3499; x_wconf 76' lang='lat' dir='ltr'><strong><em>phialis</em></strong></span> <span class='ocrx_word' id='word_1_290' title='bbox 1342 3421 1395 3482; x_wconf 87' lang='lat' dir='ltr'><strong><em>in-</em></strong></span> 
     </span>
     <span class='ocr_line' id='line_1_31' title="bbox 259 3519 1450 3606; baseline 0.001 -23"><span class='ocrx_word' id='word_1_291' title='bbox 259 3523 304 3584; x_wconf 88' lang='lat' dir='ltr'><strong><em>ira</em></strong></span> <span class='ocrx_word' id='word_1_292' title='bbox 326 3529 429 3585; x_wconf 84' lang='lat' dir='ltr'><strong><em>toturn.</em></strong></span> <span class='ocrx_word' id='word_1_293' title='bbox 470 3523 514 3586; x_wconf 82' lang='lat' dir='ltr'><strong><em>ct.</em></strong></span> <span class='ocrx_word' id='word_1_294' title='bbox 534 3522 635 3604; x_wconf 76' lang='lat' dir='ltr'><strong><em>Sibyll.</em></strong></span> <span class='ocrx_word' id='word_1_295' title='bbox 657 3522 707 3596; x_wconf 91' lang='lat' dir='ltr'><strong><em>lll,</em></strong></span> <span class='ocrx_word' id='word_1_296' title='bbox 730 3520 803 3583; x_wconf 73' lang='lat'><strong><em>544.</em></strong></span> <span class='ocrx_word' id='word_1_297' title='bbox 848 3519 994 3606; x_wconf 79' lang='grc' dir='ltr'><strong><em>Καιενάη</em></strong></span> <span class='ocrx_word' id='word_1_298' title='bbox 1015 3538 1074 3584; x_wconf 92' lang='lat' dir='ltr'><strong><em>non</em></strong></span> <span class='ocrx_word' id='word_1_299' title='bbox 1095 3529 1206 3585; x_wconf 89' lang='lat' dir='ltr'><strong><em>tanturn</em></strong></span> <span class='ocrx_word' id='word_1_300' title='bbox 1228 3523 1262 3583; x_wconf 83' lang='lat' dir='ltr'><strong><em>ud</em></strong></span> <span class='ocrx_word' id='word_1_301' title='bbox 1286 3522 1396 3601; x_wconf 89' lang='lat' dir='ltr'><strong><em>ignem</em></strong></span> <span class='ocrx_word' id='word_1_302' title='bbox 1449 3552 1450 3555; x_wconf 38' lang='lat'>¹</span> 
     </span>
     <span class='ocr_line' id='line_1_32' title="bbox 258 3619 1396 3705; baseline 0.004 -21"><span class='ocrx_word' id='word_1_303' title='bbox 258 3624 398 3701; x_wconf 85' lang='lat' dir='ltr'><strong><em>respicit,</em></strong></span> <span class='ocrx_word' id='word_1_304' title='bbox 415 3642 525 3685; x_wconf 72' lang='lat' dir='ltr'><strong><em>uerum</em></strong></span> <span class='ocrx_word' id='word_1_305' title='bbox 549 3623 638 3686; x_wconf 88' lang='lat' dir='ltr'><strong><em>etiam</em></strong></span> <span class='ocrx_word' id='word_1_306' title='bbox 660 3625 696 3685; x_wconf 85' lang='lat' dir='ltr'><strong><em>ad</em></strong></span> <span class='ocrx_word' id='word_1_307' title='bbox 720 3623 906 3704; x_wconf 82' lang='lat' dir='ltr'><strong><em>grandinem.</em></strong></span> <span class='ocrx_word' id='word_1_308' title='bbox 947 3619 1062 3690; x_wconf 80' lang='lat' dir='ltr'><strong><em>’Ertorc</em></strong></span> <span class='ocrx_word' id='word_1_309' title='bbox 1083 3621 1140 3705; x_wconf 76' lang='grc' dir='ltr'><strong><em>γὰρ</em></strong></span> <span class='ocrx_word' id='word_1_310' title='bbox 1161 3623 1212 3688; x_wconf 82' lang='grc' dir='ltr'><strong><em>καὶ</em></strong></span> <span class='ocrx_word' id='word_1_311' title='bbox 1233 3619 1319 3687; x_wconf 78' lang='grc' dir='ltr'><strong><em>κάειν</em></strong></span> <span class='ocrx_word' id='word_1_312' title='bbox 1341 3622 1396 3688; x_wconf 79' lang='grc' dir='ltr'><strong><em>λε’·</em></strong></span> 
     </span>
     <span class='ocr_line' id='line_1_33' title="bbox 258 3721 1396 3818; baseline 0 -30"><span class='ocrx_word' id='word_1_313' title='bbox 258 3724 344 3801; x_wconf 77' lang='lat' dir='ltr'><strong><em>perui</em></strong></span> <span class='ocrx_word' id='word_1_314' title='bbox 365 3726 416 3788; x_wconf 76' lang='grc' dir='ltr'><strong><em>καὶ</em></strong></span> <span class='ocrx_word' id='word_1_315' title='bbox 437 3727 617 3818; x_wconf 69' lang='grc' dir='ltr'><strong><em>θερμαίνειν</em></strong></span> <span class='ocrx_word' id='word_1_316' title='bbox 638 3721 674 3788; x_wconf 81' lang='grc' dir='ltr'><strong><em>τὸ</em></strong></span> <span class='ocrx_word' id='word_1_317' title='bbox 699 3722 826 3810; x_wconf 75' lang='grc' dir='ltr'><strong><em>ψυχρὸν.</em></strong></span> <span class='ocrx_word' id='word_1_318' title='bbox 870 3728 990 3790; x_wconf 75' lang='lat' dir='ltr'><strong><em>tristor.</em></strong></span> <span class='ocrx_word' id='word_1_319' title='bbox 1013 3727 1136 3790; x_wconf 76' lang='lat' dir='ltr'><strong><em>Meteon.</em></strong></span> <span class='ocrx_word' id='word_1_320' title='bbox 1159 3726 1198 3798; x_wconf 83' lang='lat'><strong><em>4,</em></strong></span> <span class='ocrx_word' id='word_1_321' title='bbox 1222 3721 1252 3786; x_wconf 85' lang='lat'><strong><em>5.</em></strong></span> <span class='ocrx_word' id='word_1_322' title='bbox 1296 3725 1396 3789; x_wconf 84' lang='lat' dir='ltr'><strong><em>Prae·</em></strong></span> 
     </span>
     <span class='ocr_line' id='line_1_34' title="bbox 258 3827 1395 3909; baseline 0.001 -19"><span class='ocrx_word' id='word_1_323' title='bbox 258 3835 304 3890; x_wconf 81' lang='lat' dir='ltr'><strong><em>ter</em></strong></span> <span class='ocrx_word' id='word_1_324' title='bbox 324 3827 455 3890; x_wconf 83' lang='lat' dir='ltr'><strong><em>iudaeos</em></strong></span> <span class='ocrx_word' id='word_1_325' title='bbox 478 3835 507 3889; x_wconf 87' lang='lat' dir='ltr'><strong><em>et</em></strong></span> <span class='ocrx_word' id='word_1_326' title='bbox 528 3827 587 3907; x_wconf 87' lang='lat' dir='ltr'><strong><em>ipsi</em></strong></span> <span class='ocrx_word' id='word_1_327' title='bbox 608 3827 767 3891; x_wconf 84' lang='lat' dir='ltr'><strong><em>Christiani</em></strong></span> <span class='ocrx_word' id='word_1_328' title='bbox 790 3829 908 3909; x_wconf 88' lang='lat' dir='ltr'><strong><em>quidem</em></strong></span> <span class='ocrx_word' id='word_1_329' title='bbox 932 3829 987 3890; x_wconf 89' lang='lat' dir='ltr'><strong><em>hac</em></strong></span> <span class='ocrx_word' id='word_1_330' title='bbox 1007 3829 1092 3909; x_wconf 78' lang='lat' dir='ltr'><strong><em>plaga</em></strong></span> <span class='ocrx_word' id='word_1_331' title='bbox 1114 3827 1299 3902; x_wconf 87' lang='lat' dir='ltr'><strong><em>alliciuntur;</em></strong></span> <span class='ocrx_word' id='word_1_332' title='bbox 1321 3847 1395 3891; x_wconf 83' lang='lat' dir='ltr'><strong><em>nam</em></strong></span> 
     </span>
     <span class='ocr_line' id='line_1_35' title="bbox 257 3927 1396 4017; baseline 0.001 -23"><span class='ocrx_word' id='word_1_333' title='bbox 257 3931 599 3996; x_wconf 75' lang='lat' dir='ltr'><strong><em>arborosecclesiarum</em></strong></span> <span class='ocrx_word' id='word_1_334' title='bbox 621 3933 776 4012; x_wconf 88' lang='lat' dir='ltr'><strong><em>praesides</em></strong></span> <span class='ocrx_word' id='word_1_335' title='bbox 806 3951 891 4006; x_wconf 88' lang='lat' dir='ltr'><strong><em>esse,</em></strong></span> <span class='ocrx_word' id='word_1_336' title='bbox 919 3929 1033 4017; x_wconf 67' lang='grc' dir='ltr'><strong><em>χόριον</em></strong></span> <span class='ocrx_word' id='word_1_337' title='bbox 1053 3927 1170 4015; x_wconf 78' lang='grc' dir='ltr'><strong><em>χλαρὸν</em></strong></span> <span class='ocrx_word' id='word_1_338' title='bbox 1190 3949 1260 3993; x_wconf 87' lang='lat' dir='ltr'><strong><em>vero</em></strong></span> <span class='ocrx_word' id='word_1_339' title='bbox 1283 3931 1396 3995; x_wconf 84' lang='lat' dir='ltr'><strong><em>fideles</em></strong></span> 
     </span>
     <span class='ocr_line' id='line_1_36' title="bbox 258 4031 1449 4116; baseline 0.003 -18"><span class='ocrx_word' id='word_1_340' title='bbox 258 4035 438 4116; x_wconf 86' lang='lat' dir='ltr'><strong><em>incipientes</em></strong></span> <span class='ocrx_word' id='word_1_341' title='bbox 475 4050 565 4115; x_wconf 89' lang='lat' dir='ltr'><strong><em>supra</em></strong></span> <span class='ocrx_word' id='word_1_342' title='bbox 602 4035 799 4098; x_wconf 85' lang='lat' dir='ltr'><strong><em>ostendimus.</em></strong></span> <span class='ocrx_word' id='word_1_343' title='bbox 851 4034 875 4096; x_wconf 93' lang='lat' dir='ltr'><strong><em>Ii</em></strong></span> <span class='ocrx_word' id='word_1_344' title='bbox 911 4034 990 4094; x_wconf 88' lang='lat' dir='ltr'><strong><em>enim</em></strong></span> <span class='ocrx_word' id='word_1_345' title='bbox 1021 4033 1071 4114; x_wconf 88' lang='lat' dir='ltr'><strong><em>qui</em></strong></span> <span class='ocrx_word' id='word_1_346' title='bbox 1108 4042 1242 4111; x_wconf 89' lang='lat' dir='ltr'><strong><em>tempore</em></strong></span> <span class='ocrx_word' id='word_1_347' title='bbox 1278 4035 1397 4098; x_wconf 86' lang='lat' dir='ltr'><strong><em>messis</em></strong></span> <span class='ocrx_word' id='word_1_348' title='bbox 1448 4031 1449 4102; x_wconf 64' lang='lat' dir='ltr'>J</span> 
     </span>
     <span class='ocr_line' id='line_1_37' title="bbox 259 4129 1396 4218; baseline -0.004 -16"><span class='ocrx_word' id='word_1_349' title='bbox 259 4129 378 4218; x_wconf 85' lang='lat' dir='ltr'><strong><em>quando</em></strong></span> <span class='ocrx_word' id='word_1_350' title='bbox 413 4139 573 4202; x_wconf 84' lang='lat' dir='ltr'><strong><em>ChrIstiani</em></strong></span> <span class='ocrx_word' id='word_1_351' title='bbox 594 4155 647 4200; x_wconf 80' lang='lat' dir='ltr'><strong><em>&#39;ex</em></strong></span> <span class='ocrx_word' id='word_1_352' title='bbox 679 4138 790 4200; x_wconf 83' lang='lat' dir='ltr'><strong><em>iudaea</em></strong></span> <span class='ocrx_word' id='word_1_353' title='bbox 828 4134 1014 4217; x_wconf 84' lang='lat' dir='ltr'><strong><em>egredientes</em></strong></span> <span class='ocrx_word' id='word_1_354' title='bbox 1050 4154 1065 4196; x_wconf 81' lang='lat' dir='ltr'><strong><em>a</em></strong></span> <span class='ocrx_word' id='word_1_355' title='bbox 1100 4134 1222 4197; x_wconf 82' lang='lat' dir='ltr'><strong><em>ludaeis</em></strong></span> <span class='ocrx_word' id='word_1_356' title='bbox 1259 4139 1396 4215; x_wconf 86' lang='lat' dir='ltr'><strong><em>separati</em></strong></span> 
     </span>
     <span class='ocr_line' id='line_1_38' title="bbox 259 4229 1396 4322; baseline 0.003 -21"><span class='ocrx_word' id='word_1_357' title='bbox 259 4249 329 4302; x_wconf 88' lang='lat' dir='ltr'><strong><em>suut</em></strong></span> <span class='ocrx_word' id='word_1_358' title='bbox 351 4229 391 4286; x_wconf 74' lang='grc'><strong><em>-’-</em></strong></span> <span class='ocrx_word' id='word_1_359' title='bbox 415 4243 452 4304; x_wconf 85' lang='lat' dir='ltr'><strong><em>ci.</em></strong></span> <span class='ocrx_word' id='word_1_360' title='bbox 474 4241 564 4304; x_wconf 78' lang='lat' dir='ltr'><strong><em>liare.</em></strong></span> <span class='ocrx_word' id='word_1_361' title='bbox 587 4241 643 4317; x_wconf 88' lang='lat' dir='ltr'><strong><em>lv,</em></strong></span> <span class='ocrx_word' id='word_1_362' title='bbox 663 4239 723 4303; x_wconf 79' lang='lat'><strong><em>29:</em></strong></span> <span class='ocrx_word' id='word_1_363' title='bbox 742 4249 772 4304; x_wconf 87' lang='lat' dir='ltr'><strong><em>et</em></strong></span> <span class='ocrx_word' id='word_1_364' title='bbox 791 4257 875 4322; x_wconf 79' lang='lat' dir='ltr'><strong><em>apoc.</em></strong></span> <span class='ocrx_word' id='word_1_365' title='bbox 897 4239 974 4317; x_wconf 61' lang='lat' dir='ltr'><strong><em>xrv,</em></strong></span> <span class='ocrx_word' id='word_1_366' title='bbox 1001 4239 1042 4302; x_wconf 81' lang='lat' dir='ltr'><strong><em>ld</em></strong></span> <span class='ocrx_word' id='word_1_367' title='bbox 1065 4275 1108 4286; x_wconf 90' lang='lat'><em>-</em></span> <span class='ocrx_word' id='word_1_368' title='bbox 1128 4239 1259 4300; x_wconf 88' lang='lat' dir='ltr'><strong><em>nondum</em></strong></span> <span class='ocrx_word' id='word_1_369' title='bbox 1281 4243 1396 4304; x_wconf 85' lang='lat' dir='ltr'><strong><em>maturi</em></strong></span> 
     </span>
    </p>

    <p class='ocr_par' dir='ltr' id='par_1_5' title="bbox 154 4339 1397 4419">
     <span class='ocr_line' id='line_1_39' title="bbox 154 4339 1397 4419; baseline 0.002 -15"><span class='ocrx_word' id='word_1_370' title='bbox 154 4356 158 4362; x_wconf 86' lang='grc'><strong>’</strong></span> <span class='ocrx_word' id='word_1_371' title='bbox 258 4344 327 4405; x_wconf 87' lang='lat' dir='ltr'><strong><em>tacti</em></strong></span> <span class='ocrx_word' id='word_1_372' title='bbox 360 4351 443 4406; x_wconf 82' lang='lat' dir='ltr'><strong><em>erant</em></strong></span> <span class='ocrx_word' id='word_1_373' title='bbox 467 4363 500 4406; x_wconf 90' lang='lat' dir='ltr'><strong><em>ac</em></strong></span> <span class='ocrx_word' id='word_1_374' title='bbox 530 4341 642 4407; x_wconf 80' lang='lat' dir='ltr'><strong><em>fundati</em></strong></span> <span class='ocrx_word' id='word_1_375' title='bbox 671 4345 703 4406; x_wconf 88' lang='lat' dir='ltr'><strong><em>in</em></strong></span> <span class='ocrx_word' id='word_1_376' title='bbox 730 4345 788 4406; x_wconf 87' lang='lat' dir='ltr'><strong><em>tide</em></strong></span> <span class='ocrx_word' id='word_1_377' title='bbox 809 4346 880 4406; x_wconf 87' lang='lat' dir='ltr'><strong><em>Jesu</em></strong></span> <span class='ocrx_word' id='word_1_378' title='bbox 901 4339 1032 4419; x_wconf 76' lang='lat' dir='ltr'><strong><em>Christi,</em></strong></span> <span class='ocrx_word' id='word_1_379' title='bbox 1064 4343 1153 4406; x_wconf 84' lang='lat' dir='ltr'><strong><em>simul</em></strong></span> <span class='ocrx_word' id='word_1_380' title='bbox 1174 4361 1242 4406; x_wconf 80' lang='lat' dir='ltr'><strong><em>cuin</em></strong></span> <span class='ocrx_word' id='word_1_381' title='bbox 1263 4341 1397 4408; x_wconf 77' lang='lat' dir='ltr'><strong><em>iudaeis</em></strong></span> 
     </span>
    </p>
   </div>
   <div class='ocr_carea' id='block_1_5' title="bbox 258 4429 1394 4546">
    <p class='ocr_par' dir='ltr' id='par_1_6' title="bbox 258 4429 1394 4546">
     <span class='ocr_line' id='line_1_40' title="bbox 258 4429 1394 4546; baseline 0.004 -42"><span class='ocrx_word' id='word_1_382' title='bbox 258 4429 356 4507; x_wconf 82' lang='lat' dir='ltr'><strong><em>adeo</em></strong></span> <span class='ocrx_word' id='word_1_383' title='bbox 381 4443 591 4546; x_wconf 28' lang='lat' dir='ltr'><strong><em>iratoffireiecti</em></strong></span> <span class='ocrx_word' id='word_1_384' title='bbox 619 4454 690 4512; x_wconf 84' lang='lat' dir='ltr'><strong><em>snut</em></strong></span> <span class='ocrx_word' id='word_1_385' title='bbox 711 4446 827 4512; x_wconf 85' lang='lat' dir='ltr'><strong><em>scilicet</em></strong></span> <span class='ocrx_word' id='word_1_386' title='bbox 855 4447 905 4530; x_wconf 89' lang='lat' dir='ltr'><strong><em>qui</em></strong></span> <span class='ocrx_word' id='word_1_387' title='bbox 934 4447 977 4509; x_wconf 83' lang='lat' dir='ltr'><strong><em>ia·</em></strong></span> <span class='ocrx_word' id='word_1_388' title='bbox 993 4447 1082 4510; x_wconf 81' lang='lat' dir='ltr'><strong><em>rebus</em></strong></span> <span class='ocrx_word' id='word_1_389' title='bbox 1112 4445 1222 4509; x_wconf 80' lang='lat' dir='ltr'><strong><em>dividis</em></strong></span> <span class='ocrx_word' id='word_1_390' title='bbox 1252 4447 1394 4509; x_wconf 79' lang='lat' dir='ltr'><strong><em>semivivi</em></strong></span> 
     </span>
    </p>
   </div>
   <div class='ocr_carea' id='block_1_6' title="bbox 0 0 1463 5054">
    <p class='ocr_par' dir='ltr' id='par_1_7' title="bbox 0 0 1463 5054">
     <span class='ocr_line' id='line_1_41' title="bbox 0 0 1463 5054; baseline 0 0"><span class='ocrx_word' id='word_1_391' title='bbox 0 0 1463 5054; x_wconf 95' lang='lat' dir='ltr'><strong><em> </em></strong></span> 
     </span>
    </p>
   </div>
  </div>
 </body>
</html>
