2900 5054
623 369 643 434 7

64 555 133 598 mus
156 537 318 616 praenpce
341 556 417 619 qnae
437 538 474 600 ad
494 537 665 602 historicam
689 553 778 621 quatu
800 541 904 606 3113331
925 543 1199 622 interpretationem

63 639 197 700 iacerent
224 657 321 718 oeque
351 639 508 702 omisimus
542 640 736 720 improbanda
764 641 856 706 multa
883 645 927 706 uti
956 663 1070 708 summa
1107 667 1199 726 3333-

63 743 133 804 dam
164 741 379 804 sententiarum
409 742 581 806 baberetur.
633 743 786 823 Elegimus
816 763 852 806 ex
882 743 948 804 aliia
976 748 1198 810 commentariis

63 861 98 903 ca
129 861 205 923 quae
236 861 272 904 ex
301 843 408 906 eedem
440 844 547 906 saltent
576 845 726 924 principio
755 845 1009 924 interpretationis
1038 845 1197 912 historicae

61 943 277 1024 produxerunt.
321 945 550 1010 3333133333
576 946 634 1026 ipsi
658 947 735 1026 quud
767 946 856 1008 nobis
883 945 1040 1008 ridebatur
1069 966 1124 1009 nac
1153 956 1197 1010 ta·

64 1063 132 1106 men
156 1045 250 1106 nescii
273 1045 424 1108 minimam
447 1055 560 1109 tantum
583 1056 696 1126 partem
719 1047 815 1108 adbuc
837 1048 1013 1126 explicatam
1037 1067 1106 1112 esse
1128 1049 1196 1112 libri

62 1146 153 1208 buius
176 1153 207 1208 et
233 1147 402 1225 grauissimi
430 1149 541 1228 quippe
572 1150 609 1211 ah
638 1168 675 1212 en
697 1150 846 1230 discipado
871 1150 1049 1232 scripti'qui
1072 1152 1197 1216 131333

61 1247 173 1309 Christi
202 1247 270 1309 siou
295 1247 458 1310 decubabat
480 1257 510 1310 et
530 1267 603 1328 prae
630 1251 790 1328 splendore
818 1251 1038 1314 obscurissimi.
1083 1255 1196 1328 Quem-

61 1351 223 1414 admodum
246 1351 338 1424 cuim,
362 1351 389 1414 si
412 1351 481 1431 quis
503 1370 538 1412 ex
563 1351 689 1430 caligine
710 1353 880 1431 ingreditur
897 1355 928 1415 in
950 1355 1094 1432 templum
1114 1355 1196 1418 mide

61 1452 254 1514 candelarum
280 1452 398 1530 fulgere
423 1451 620 1526 illustratum,
651 1453 714 1533 ipsa
743 1455 788 1516 vis
817 1443 925 1533 ingens
948 1463 978 1516 et
1006 1456 1090 1534 copia
1118 1457 1194 1520 lucis

61 1553 256 1631 praestringit
284 1553 379 1616 aciem
409 1554 581 1628 oculorum,
617 1556 655 1616 ita
684 1574 784 1618 coram
815 1577 867 1630 eo,
902 1558 953 1637 qui
987 1559 1072 1640 quasi
1101 1559 1193 1622 valvis

60 1657 152 1718 huius
174 1656 243 1718 libri
271 1657 412 1719 reseratis
441 1657 531 1719 intrat
552 1658 644 1721 limen
672 1657 755 1730 eius,
789 1659 887 1722 omnia
915 1660 1051 1740 undique
1072 1658 1194 1724 lumini-

59 1761 118 1822 bus
142 1760 289 1822 collucent
314 1768 345 1822 et
374 1758 489 1838 singula
514 1760 602 1822 verba
625 1769 782 1826 coruscant
804 1761 885 1822 vario
907 1761 1066 1839 splendore
1093 1760 1193 1824 radios

59 1871 195 1924 veterum
219 1860 422 1922 vaticiniorum
444 1861 621 1924 revibraote.
668 1865 765 1936 Quare
789 1863 979 1942 quaestiones
1000 1864 1100 1942 potius
1122 1882 1193 1942 prc-

59 1967 199 2046 ponimus
222 1983 310 2045 quam
334 1983 489 2043 responsa.
535 1963 746 2028 Difficillimum
776 1947 908 2044 praelecto
934 1975 994 2040 est,
1026 1965 1100 2028 nibil
1121 1983 1193 2028 sen-

59 2070 171 2132 tentiae
191 2068 321 2148 simplici
343 2067 517 2130 allaborare.

164 2172 228 2232 lam
256 2189 327 2232 vero
355 2171 392 2232 ad
423 2189 524 2232 rerum
547 2169 698 2232 cardinem
727 2171 912 2234 accedamus.
957 2172 1024 2246 Qua
1046 2169 1083 2232 de
1106 2187 1138 2230 re
1161 2169 1192 2232 in

56 2273 117 2334 lmc
140 2271 216 2332 libro
244 2279 348 2349 agatur
370 2271 436 2350 ipse
462 2290 517 2332 nos
540 2271 628 2334 docet
652 2271 719 2336 eius
747 2273 861 2336 titulus.
905 2272 970 2336 Neo
999 2281 1045 2336 est
1071 2271 1193 2351 proprie

56 2373 182 2434 Joannis
220 2373 275 2434 sed
304 2373 375 2434 lesu
405 2372 515 2434 Christi
554 2373 712 2448 revelatim
751 2385 797 2437 est
825 2377 983 2456 patefactio
1019 2394 1106 2456 quarn
1141 2375 1193 2436 de·

58 2475 105 2536 dit
135 2475 208 2536 deus
243 2483 364 2553 opertae
395 2474 506 2536 Christi
535 2474 685 2551 potentiae
712 2484 746 2535 et·
772 2494 860 2554 quam
892 2476 1070 2552 imaginibus
1098 2474 1192 2552 signi-

57 2575 158 2638 ficarit
194 2575 300 2636 loanni
337 2571 538 2657 (ἐσήμανεν).
603 2576 761 2640 Heinricbs
797 2585 884 2640 acute
923 2575 1076 2654 perspexit
1111 2572 1192 2636 deo·

57 2671 194 2756 uo'thuptn
221 2676 251 2736 lt.
270 2676 290 2738 l.
322 2695 389 2738 3333
422 2681 574 2738 aduentum
605 2683 729 2738 redituri
762 2682 906 2742 liceatne:
943 2678 1060 2739 conseri
1092 2685 1191 2740 autern

61 2781 77 2844 l
102 2782 154 2842 Co.
176 2780 208 2854 1,
239 2779 268 2842 7.
300 2779 451 2842 2'l'bess.
474 2781 505 2855 l,
535 2780 565 2844 7.
602 2780 774 2853 tremit,
807 2780 837 2841 7.
861 2779 917 2854 133
947 2780 1039 2842 addas
1070 2777 1191 2842 tren·

57 2881 189 2957 1v‚lu.
220 2884 275 2944 Lu.
297 2882 392 2953 xvir,
417 2879 468 2942 30.
512 2882 721 2960 llareobergus
751 2883 781 2944 in
810 2883 989 2961 praelatione
1013 2884 1043 2959 ἦ.
1066 2881 1111 2945 ll:
1144 2888 1192 2946 dic

59 2990 254 3062 Offeacbnrcnp
277 2990 326 3044 des
349 2988 439 3052 Zoraa
458 2989 517 3042 und
534 2988 586 3042 der
607 2981 795 3056 dussiibruep
816 2987 866 3042 des
887 2987 1040 3056 peracbten
1058 2985 1191 3042 Garicbtc

59 3093 161 3152 Gottcs
189 3093 259 3146 tiber
288 3091 336 3147 dic
356 3091 452 3146 1113133
472 3091 547 3146 mind
568 3087 658 3144 sebon
678 3103 743 3144 nont
763 3085 884 3160 Apostel
904 3086 978 3142 Paul
999 3083 1191 3160 Apoealypsis

53 3200 202 3266 penannet.
248 3191 386 3254 ltnm.11,
409 3183 438 3249 5.
481 3187 579 3248 Reuss
603 3186 708 3248 Gcsch.
733 3185 763 3248 d.
778 3185 808 3246 h.
832 3185 917 3247 Schr.
942 3183 977 3246 N.
998 3184 1033 3246 Τ.
1056 3183 1083 3266 §.
1111 3181 1189 3244 tad:

54 3282 254 3370 ἀποκάλυψις
277 3289 843 3362 31333111313113(1311311193133331131131
868 3289 1060 3362 Offenbmnnp
1084 3287 1192 3345 Christi

56 3397 147 3454 solbat
177 3393 222 3468 (1,
248 3389 293 3470 1).
338 3389 513 3470 Depingitur
544 3405 615 3464 ergo
644 3389 798 3450 sccundus
828 3387 973 3451 adventus
1002 3386 1123 3450 Christi.
1148 3419 1191 3430 -

55 3494 287 3572 Perlegentibus
315 3511 386 3553 cero
411 3491 499 3554 nobis
521 3490 630 3551 librum
651 3489 815 3550 loauueum
837 3490 915 3550 hand
939 3490 979 3550 ita
1001 3488 1123 3551 difficile
1146 3496 1191 3551 est

56 3599 95 3662 ad
118 3596 350 3676 intellegendum
373 3595 411 3656 de
433 3593 523 3655 trium
544 3592 735 3672 potissimum
756 3589 875 3652 urbium
897 3589 965 3652 latis
987 3589 1049 3668 agi,
1074 3589 1192 3650 scilicet

58 3701 99 3760 de
121 3697 262 3760 Sodomis
289 3696 439 3776 Babylone
461 3694 645 3774 Jerusalemn
674 3703 704 3756 ut
731 3693 852 3756 nemina
880 3693 1000 3754 afferam
1029 3689 1191 3770 symbolica

56 3817 134 3882 quae
154 3807 225 3862 sunt
245 3805 419 3876 personulae
440 3796 533 3858 urbes
554 3794 720 3857 ierusalem
741 3793 807 3868 (lli,
827 3792 863 3872 8)
887 3801 916 3854 31
936 3793 1028 3854 Roma
1051 3790 1190 3865 (Tertull.

56 3903 125 3966 adr.
147 3902 217 3964 tud.
240 3900 296 3962 lX:
330 3903 381 3960 Sic
404 3910 431 3958 et
452 3902 584 3974 Bnbplcn
607 3901 686 3974 apud
705 3901 847 3958 loannem
867 3904 995 3954 nostrum
1016 3897 1123 3952 Romae
1143 3910 1190 3948 ur·
1238 3925 1246 3939 ι

56 4011 102 4068 lis
126 4009 222 4080 ppore
245 4005 308 4077 est)
338 4011 368 4065 et
396 4001 501 4064 civitas
533 4001 582 4064 dci
611 4000 714 4074 (Xlll,
746 3997 805 4075 lt)
834 4015 868 4058 ac
895 4013 999 4057 rursus
1019 3992 1191 4054 ludaismus

56 4106 263 4170 Etboioismus
294 4102 549 4168 Christianismus.
600 4101 715 4176 Quibus
744 4096 961 4180 quodammodo
991 4093 1113 4156 omnino
1140 4111 1190 4154 res

58 4213 89 4273 in
113 4217 192 4270 terra
216 4207 365 4286 gerendas
388 4206 565 4285 descripsit:
600 4204 803 4270 Etbuicismus
826 4200 941 4278 coim*)
971 4208 1001 4260 et
1020 4199 1190 4263 ludaismus

57 4325 265 4340 m-

129 4381 156 4446 ’1
176 4381 304 4431 Comenius
323 4380 347 4428 io
368 4379 419 4428 Uno
439 4377 575 4428 necessario
593 4376 677 4439 x,·4:
705 4373 772 4423 Nunc
797 4386 840 4422 sua
865 4368 949 4432 cuique
970 4367 1074 4430 Babylon
1094 4363 1191 4428 pulchra

60 4470 98 4514 est
116 4477 214 4528 eamque
234 4462 309 4514 credit
326 4462 472 4528 ipsissimam
491 4475 545 4513 esse
563 4457 695 4510 Jerusalem
715 4456 804 4508 nemini
823 4453 958 4514 cedentem,
980 4451 1015 4502 illi
1033 4449 1122 4500 omnia.
