2900 5054
602 355 645 424 31

166 526 322 607 llartyrem
348 545 419 590 vera
440 527 581 590 laaoltum
612 528 722 593 iustum
746 529 832 590 euius
861 545 943 590 mors
971 536 1004 590 ut
1034 545 1192 593 exueram

62 629 262 707 explicatione
280 640 380 692 nostra
402 640 526 710 apparet
548 632 604 694 sub
627 633 727 712 equite
749 640 853 712 quarto
874 633 999 707 accidit,
1022 652 1081 696 non
1104 631 1191 713 p'rae-

62 739 213 797 terveetus
236 742 281 796 est
303 735 444 796 loannes.
489 738 587 813 Ipsam
611 735 734 814 quidem
764 754 870 798 necem
892 735 974 800 illius
995 755 1055 798 non
1079 737 1193 800 directe

60 836 165 908 alten,
185 835 246 914 agit
268 836 347 896 enlm
371 836 410 896 ‹le
424 837 606 898 ludaeorum
628 836 748 914 paenis,
769 837 822 899 sed
842 855 879 898 ex
901 836 953 898 illo
976 837 1108 898 lactuore
1127 838 1192 900 aul-

60 955 130 1016 pam
168 937 453 1018 castigationemque
484 955 586 1000 eorum
624 939 758 1002 crevisse
792 939 979 1017 significavit.
1032 938 1192 1001 Videamus
1313 985 1317 989 -
1405 995 1411 1006 Ι

61 1041 142 1102 enirn
159 1059 236 1120 quae
253 1041 402 1118 prodeunt
415 1049 519 1118 aperto
543 1040 641 1117 sigillo
661 1041 772 1120 quinto.
820 1035 919 1102 Εἶδον
933 1039 1030 1119 inquit
1049 1033 1193 1105 ὑποκάτω

59 1145 117 1207 τοῦ
141 1145 372 1224 θυσιαστηρίου
400 1138 458 1215 τὰς
487 1139 589 1226 ψυχας
617 1143 677 1206 τῶν
705 1143 900 1225 ἐσφαγμένων
931 1137 984 1203 διὰ
1012 1139 1067 1204 τὸν
1094 1136 1192 1218 λόγου

62 1247 121 1308 τοῦ
144 1245 228 1308 θεοῦ
249 1243 301 1308 καὶ
318 1239 370 1304 διὰ
396 1238 451 1324 τὴν
472 1245 645 1323 μαρτυρίαν
666 1235 703 1323 ἢκ
726 1239 810 1324 εἶχον
832 1238 896 1304 κτλ.
941 1240 1064 1302 Tertull.
1088 1239 1126 1300 de
1141 1259 1191 1300 re-

60 1363 141 1406 surr.
167 1362 248 1406 earn.
271 1343 364 1404 XXV:
388 1353 544 1416 martyrum
567 1347 680 1402 animae
703 1347 754 1400 sot
783 1345 873 1401 altari
899 1345 1035 1402 ultionem
1062 1354 1088 1400 et
1118 1347 1191 1402 taat-

60 1450 137 1504 aiam
157 1449 331 1520 flagitanter.
377 1444 420 1505 et.
447 1445 484 1504 de
507 1443 604 1506 anima
628 1444 701 1504 VIII.
726 1444 774 1504 IX.
800 1443 836 1504 de
858 1451 930 1504 orat
944 1444 975 1504 V.
1000 1444 1104 1524 Saorp.
1126 1445 1189 1506 XII.

60 1545 150 1620 Quot
179 1547 300 1607 Aleasar
324 1544 390 1625 (qui
418 1562 576 1623 perperam
607 1554 745 1624 quattuor
770 1545 907 1607 animalia
936 1547 973 1607 de
998 1546 1141 1625 apostatis
1164 1555 1194 1608 et

60 1649 232 1728 episcopie,
264 1648 401 1710 seniores
431 1647 467 1708 de
496 1647 719 1720 sacerdotibus,
756 1654 895 1726 quattuor
922 1647 1038 1728 equites
1064 1647 1101 1709 de
1133 1647 1193 1708 fide

59 1748 184 1812 audaoia
206 1757 340 1828 egestate
356 1756 451 1810 morte
472 1748 683 1826 explicaverat)
716 1749 828 1826 optime
854 1749 1000 1828 intellegit
1022 1749 1058 1809 de
1080 1758 1192 1830 marty-

59 1854 147 1914 ribus
169 1852 339 1914 christianis
361 1869 415 1928 per
436 1851 564 1912 ludaeos
588 1850 766 1912 interfectis.
813 1851 1110 1915 Grotiusadv.10:
1132 1859 1152 1912 ι’.
1169 1874 1192 1914 e.

58 1958 170 2036 κρίνου
198 1949 325 2024 ἐκδικεῖς
354 1963 481 2010 nostram
506 1956 689 2026 sanguiaeaa,
716 1963 790 2026 puta
811 1941 968 2028 Stiphane,
1002 1958 1116 2014 Joooln'·
1137 1960 1192 2014 Ze-

59 2059 204 2116 lratlaitlae
234 2059 283 2130 qui
308 2057 394 2114 huius
422 2056 566 2114 Joltannis
598 2057 694 2128 frater
721 2066 747 2112 et
776 2058 899 2114 aaronem
930 2074 1049 2131 gaurana
1078 2063 1195 2118 nomtna

58 2180 116 2220 nor
139 2165 236 2220 latent.
280 2159 450 2220 Wetstenus
479 2158 515 2218 ad
545 2157 674 2220 eundem
695 2175 739 2218 v.:
771 2163 918 2218 accuratio
943 2162 1122 2218 Indaeorum
1143 2165 1193 2236 qui

59 2265 223 2337 dirrtpntos
246 2263 354 2320 curren
375 2272 553 2320 vexaverant
574 2261 725 2340 descripto
749 2280 785 2322 ex
805 2261 936 2340 losepho
955 2262 1021 2325 loco
1041 2263 1078 2324 de
1097 2272 1193 2326 morte

57 2365 166 2428 Jacobi
181 2365 260 2427 iusti.
298 2364 454 2426 consentit
470 2364 532 2425 lere
554 2364 762 2445 Harenhergus
778 2387 807 2445 p.
823 2365 896 2429 268.
941 2369 1114 2432 Herderus:
1137 2372 1195 2434 La·

59 2487 121 2548 gen
138 2467 220 2529 ntetn
233 2468 270 2529 la
285 2467 377 2528 sallon
392 2466 572 2544 stephanus‚-
595 2467 734 2542 lacobus,
753 2469 842 2547 jener
856 2469 966 2530 andere
977 2471 1110 2533 takohus
1124 2472 1194 2534 des-

59 2587 118 2632 sen
136 2569 199 2630 Tod
215 2568 363 2648 Iosephus
378 2569 472 2632 selhst
486 2588 520 2630 so
543 2569 765 2632 theilnehmend
783 2571 961 2633 -besohreiht
984 2575 1043 2636 und
1065 2575 1120 2636 wie
1137 2576 1195 2638 viel

59 2674 175 2734 andere
207 2673 260 2734 mit
289 2671 381 2732 ilrnen
410 2672 454 2756 als
479 2673 571 2751 Oplor
597 2691 633 2734 an
658 2673 712 2734 der
740 2673 871 2752 heiligen
889 2674 998 2738 Stitte!
1034 2677 1194 2740 Heinriohs

61 2781 168 2836 contra
190 2783 285 2834 vatem
308 2773 426 2835 censuit
446 2775 618 2852 respexisse
648 2776 684 2838 ad
703 2776 884 2838 ludaeorum
907 2785 935 2838 et
956 2778 1194 2844 Christianorum

61 2895 185 2956 gregem
209 2877 261 2956 qui
281 2855 492 2940 exardescente
524 2876 594 2937 belli
617 2878 735 2938 llamma
757 2879 918 2942 Caesareae
942 2880 1113 2959 Scythopoli
1135 2891 1192 2946 oet.

61 2981 188 3062 iugulati
212 2991 305 3043 eraut.
351 2979 470 3042 Calorio
483 2998 553 3040 rere
576 2980 748 3059 quaerenti:
766 3001 816 3040 aar
838 2985 1019 3056 intelligendi
1034 2988 1126 3043 solum
1147 2989 1196 3046 uel
1223 3049 1226 3056 ,

59 3088 183 3144 Iudaici
203 3093 344 3157 martyres
366 3086 414 3142 ool
444 3086 532 3142 arciri
553 3103 573 3144 a
590 3086 715 3142 ludaeis
736 3085 916 3142 Christiani?
952 3083 1195 3161 respondendum

60 3196 125 3252 est:
157 3188 226 3268 quia
256 3187 313 3248 iaur
342 3187 440 3264 agitur
470 3186 507 3246 de
538 3185 698 3264 puniendis
721 3185 842 3248 ludaeis
870 3185 909 3248 ol)
939 3195 1060 3264 peccam
1090 3202 1194 3250 eoram

61 3307 192 3371 quorum
211 3307 282 3351 sane
305 3307 387 3349 mors
411 3296 571 3368 martyrum
589 3289 827 3351 Christianorum
841 3307 900 3350 non
924 3297 987 3350 erat
1007 3287 1194 3355 levissimum

60 3393 117 3456 sed
146 3392 192 3453 rel
220 3391 348 3453 maxime
377 3389 493 3452 valebat
524 3391 560 3452 ad
590 3409 698 3470 paenas
728 3392 845 3454 illorum
878 3394 1074 3456 exacuendos.
1118 3396 1195 3474 Inue

61 3493 145 3575 quael
169 3492 283 3554 animae
306 3509 409 3554 eorum
434 3492 490 3554 sub
512 3491 596 3552 altari
621 3500 691 3554 sunt
715 3493 847 3554 cernitur
870 3512 921 3556 eos
944 3496 1084 3558 sacrificii
1103 3497 1195 3562 instar

62 3603 208 3660 mactatos
229 3614 296 3658 esse
316 3595 385 3656 Lev.
401 3594 453 3666 IV,
471 3593 500 3655 7.
521 3593 617 3668 XVII,
639 3593 687 3655 11.
734 3594 818 3673 Apud
841 3595 970 3658 eundem
989 3597 1131 3660 loannem
1154 3597 1195 3661 ait

59 3703 154 3764 lesus
183 3717 286 3778 evang.
315 3698 396 3771 XVI,
426 3695 462 3758 2:
497 3695 755 3783 ἀποσυναγώγους
788 3695 973 3780 ποιήσουσιν
1002 3701 1096 3782 ὑμᾶς·
1126 3701 1186 3770 αλλ

60 3807 184 3890 ἔρχεται
206 3795 270 3884 a‘o'pa
291 3805 344 3868 ἰ’κα
363 3802 428 3875 noia
449 3799 466 3866 ὁ
487 3799 670 3876 ἀποκτείνας
693 3799 769 3881 ὑμᾶς
798 3797 871 3894 δόξῃ
899 3803 1028 3885 largiar
1055 3807 1196 3887 προσφό-

62 3928 131 3990 ρατ
157 3906 202 3988 τῷ
227 3905 292 3986 θεῷ
320 3933 361 3944 -
395 3903 539 3981 putabunt
566 3903 668 3966 ludaei
702 3921 735 3964 se
766 3903 943 3967 Christianis
979 3906 1194 3970 interficiendis
1269 3915 1272 3920 '

62 4017 180 4092 gratum
202 4007 258 4070 deo
281 4006 448 4070 sacrificum
468 4008 587 4070 offerre.
632 4007 676 4069 Cl.
695 4005 775 4069 Sauli
798 4007 912 4070 rabiem
934 4017 1037 4070 eontra
1050 4008 1195 4072 Christia-

62 4131 122 4174 nos
143 4119 173 4172 et
193 4109 278 4172 Pauli
299 4109 387 4172 verba
411 4109 427 4171 1
452 4108 504 4174 co.
528 4109 574 4181 IV,
601 4107 650 4170 ta.
694 4109 749 4172 Est
768 4111 844 4190 apud
866 4111 1026 4175 rabbinos:
1056 4112 1195 4194 quisquis

65 4213 193 4278 effundit
214 4213 388 4292 sanguinem
407 4212 510 4292 impii,
541 4212 611 4274 fauit
641 4231 676 4275 aa
704 4213 730 4276 si
759 4214 939 4278 sacrifiaium
965 4215 1080 4278 offerat.
1115 4207 1196 4295 Ἕως

64 4313 143 4382 πότι
165 4315 245 4396 quod
268 4322 412 4394 martyres
435 4315 578 4388 clamant,
608 4322 637 4376 et
658 4315 714 4391 :est
733 4314 814 4388 titud
849 4335 994 4393 quousque
1012 4321 1124 4377 tanuen
1146 4315 1196 4378 in-

65 4417 248 4500 mgnauonis
277 4417 374 4496 iustae
402 4425 505 4494 eontra
534 4416 643 4497 impios
674 4424 703 4480 ot
730 4415 804 4494 illud
825 4430 885 4484 anu
903 4427 949 4482 ,τι
971 4417 1022 4501 pii.
1036 4415 1196 4484 desiderit
