2900 5054
610 385 652 452 11

65 551 205 631 paschale
233 553 459 632 praenunciare.
511 555 651 618 Clemens
679 555 762 618 Alex.
792 555 895 618 chron.
925 555 1026 634 pasch.
1050 555 1138 620 Diod.
1165 577 1193 638 μ.

67 653 125 715 14:
149 653 166 718 ὁ
188 649 292 735 κύριος
314 653 409 729 αὐτὸς
430 652 473 721 ὢν
494 652 529 721 τὸ
551 653 669 742 πάσχα,
687 657 706 721 ὁ
723 653 820 738 ἀμνὸς
837 661 894 722 τοῦ
914 659 995 720 θεοῦ
1013 657 1055 732 ὥς
1071 659 1194 744 πρόβα·
1286 671 1298 694 ‘

64 781 119 822 κον
141 757 189 822 ἐπὶ
209 757 329 842 σφαγὴν
352 755 498 840 ἀγόμενος
520 794 561 804 —-
584 761 635 822 nbi
661 761 738 823 hene
759 761 906 839 baptistae
929 760 1018 821 verba
1039 781 1107 824 cum
1129 763 1195 825 loeo
1232 789 1234 795 ⁴

65 861 181 924 lsaiano
211 865 379 944 componit,
415 883 570 944 perperam
606 884 678 926 vern
715 863 765 924 illa
800 861 1006 964 explicationis
1035 863 1130 926 instar
1159 867 1195 930 ad

65 960 168 1052 πάσχα
189 965 299 1027 addere
324 966 451 1029 ridetur.

170 1117 223 1181 Est
253 1118 344 1197 igitur
376 1139 470 1198 agnus
498 1119 646 1198 paschalis
677 1119 727 1200 qni
763 1119 859 1198 aperit
893 1117 1001 1198 sigilla.
1053 1123 1198 1194 Quattuor

66 1241 138 1284 vero
174 1223 322 1284 cherubes
358 1223 408 1303 qui
443 1221 586 1284 mundum
616 1230 842 1301 repraesentant
871 1219 977 1302 (Philo
1010 1222 1047 1282 de
1081 1222 1198 1284 visione

64 1321 234 1384 Abrahami.
272 1321 364 1385 duob.
400 1343 430 1402 p.
460 1307 543 1401 olo)
580 1323 731 1386 Christum
769 1332 939 1402 provocant.
1000 1323 1036 1384 Ut
1076 1324 1105 1384 in
1139 1324 1198 1387 bne

64 1443 176 1504 sponsa
195 1425 251 1486 ait:
275 1426 361 1500 veni;
389 1427 428 1486 ita
447 1425 497 1487 hie
519 1426 665 1488 animalia.
709 1427 758 1486 llt.
782 1427 853 1499 Xll‚
874 1425 915 1487 21
940 1435 970 1487 et
990 1427 1044 1488 llo.
1067 1429 1132 1500 XV,
1158 1427 1197 1489 12

65 1545 101 1586 ex
126 1529 182 1588 Isa.
199 1527 247 1601 XI,
274 1525 311 1588 ld
334 1528 488 1591 laudatur:
512 1523 556 1591 ἐπ’
582 1527 665 1610 αὐτῷ
686 1529 771 1611 ἔθνη
794 1525 962 1592 ἐλπιοῦσιν.
1008 1528 1079 1590 Gen.
1096 1529 1197 1604 XLIX,

66 1624 125 1687 10:
156 1639 234 1692 erar
256 1639 341 1710 aaa*
361 1625 406 1690 aa
429 1627 515 1694 abo
545 1642 602 1692 nu*
633 1643 666 1692 u
698 1637 817 1690 vertunt
837 1625 888 1690 0':
916 1633 970 1706 ἕως
992 1623 1029 1692 dr
1051 1631 1135 1723 &top
1157 1630 1197 1696 ed

64 1728 254 1809 ἀποκείμενα
277 1728 362 1814 circi
383 1731 436 1796 καί
457 1729 552 1806 αὐτὸς
569 1729 737 1822 προσδοκία
756 1732 870 1794 ἐθνῶν.
910 1729 1002 1792 Clem.
1026 1729 1120 1807 (hom.
1144 1735 1197 1806 III,

64 1831 124 1908 49)
147 1825 268 1912 recogn.
288 1835 318 1906 Ι,
342 1831 399 1894 50:
424 1845 517 1893 tamen
534 1835 696 1910 prophetoe
716 1844 816 1892 contra
835 1837 962 1891 orctoem
984 1843 1010 1891 et
1029 1853 1198 1910 consequen·

65 1937 138 1993 tiam
165 1955 259 1992 rerum
282 1939 381 1995 dicere
411 1956 472 1994 eum
496 1941 720 2012 expectationem
741 1941 865 2012 petatium
888 1947 914 1994 et
936 1956 992 1994 πονο
1014 1941 1198 2000 ludaeorum.

64 2035 189 2096 Hieron.
213 2034 232 2096 Ι.
257 2035 348 2097 Gom:
380 2041 467 2096 donec
496 2043 593 2098 veniat
621 2042 670 2114 qai
690 2041 843 2096 mittendos
866 2048 908 2096 est
935 2048 962 2096 et
988 2041 1051 2114 ipse
1075 2043 1128 2096 erit
1151 2059 1197 2098 ecc·

58 2139 192 2210 pectatio
220 2141 353 2211 petatium.
408 2137 489 2200 Idem
516 2140 591 2218 Agg.
615 2137 659 2211 II,
685 2137 722 2200 8:
751 2143 847 2198 veniet
877 2143 1058 2198 desideratos
1089 2147 1197 2202 cunetis

61 2239 204 2313 pentibus.
256 2239 349 2301 Porro
379 2237 397 2320 ἦ
428 2237 665 2325 ἀποκαραδοκία
696 2243 748 2322 τῆς
774 2244 894 2313 κτίσεως
914 2236 979 2322 ,τὴν
1001 2237 1199 2323 ἀποκάλυψιν

64 2337 128 2399 τῶν
150 2339 224 2400 υἱῶν
249 2341 303 2400 τοῦ
330 2339 413 2402 θεοῦ
434 2335 629 2426 ἀπεκδέχεται
654 2339 718 2404 κτλ.
741 2341 796 2402 lto.
819 2340 903 2414 vill,
939 2339 977 2402 19
1002 2361 1047 2424 sq.
1092 2341 1197 2404 Omnis

64 2439 158 2518 igitur
189 2447 322 2503 creatura
356 2450 512 2503 venturum
542 2450 674 2520 expectat
702 2452 732 2503 et
759 2453 870 2503 evocat.
915 2449 957 2504 Ac
978 2445 1107 2522 prImum
1131 2447 1198 2526 qni-

65 2543 135 2602 dem
159 2540 267 2601 animal
290 2542 376 2603 dicit:
406 2545 495 2626 ἔρχου
517 2542 570 2607 καί
591 2539 637 2605 ίδε
660 2543 767 2624 quibus
787 2543 888 2604 verbis
910 2543 985 2623 ipsis
1008 2545 1143 2608 Christus
1167 2548 1198 2609 in

65 2643 222 2721 cvangelio
255 2643 332 2718 (XI,
363 2645 427 2724 34)
458 2645 493 2707 ad
526 2648 766 2710 resuscitandum
795 2649 939 2710 Lazarum
973 2650 1128 2726 invitatur,
1167 2651 1197 2714 in

64 2745 235 2826 apocalypsi
258 2747 294 2808 ad
316 2749 467 2828 propriam
490 2750 741 2812 resurrectionem
766 2759 796 2811 ut
820 2769 886 2812 mox
909 2752 1074 2832 apparebit.

170 2897 349 2976 Resignatur
376 2898 508 2978 sigillum
534 2899 674 2978 primum.
719 2902 823 2964 Prodit
845 2919 939 2982 equus
969 2903 1054 2966 albus
1084 2905 1114 2966 in
1138 2925 1197 2986 quo

64 3003 204 3066 consedit
233 3004 403 3082 sagittarius
433 3005 481 3067 cni
511 3005 576 3066 data
607 3012 655 3066 est
683 3021 792 3066 corona
821 3013 850 3066 et
876 3007 1077 3083 proficiscitur
1105 3010 1198 3070 victor

63 3117 157 3188 atque
180 3116 212 3170 nt
233 3107 341 3170 vineat.
385 3109 557 3172 Wetstenus
585 3107 731 3186 intellegit
749 3107 927 3170 Artabanum
950 3108 978 3171 ll
1000 3124 1101 3188 regem
1124 3111 1197 3182 Par-

64 3213 186 3275 thorum
209 3213 260 3293 qui
281 3213 409 3276 ludaeos
434 3213 463 3273 in
485 3213 649 3291 babylonia.
672 3230 777 3291 magna
802 3212 886 3274 clade
905 3211 1009 3273 afflixit
1031 3213 1090 3274 snb
1109 3213 1197 3276 Clau-

65 3317 118 3378 dio
140 3316 337 3394 imperatore,
359 3313 571 3393 llareubcrgus
592 3333 620 3394 p.
642 3311 705 3376 265
730 3313 886 3376 Tiberium
907 3333 996 3394 quem
1017 3315 1046 3374 in
1068 3314 1197 3378 ludaeos

64 3419 225 3498 Imperium
248 3418 419 3480 exercuisse
442 3436 580 3480 severum
603 3417 718 3494 probat.
762 3416 880 3493 Optime
903 3416 1023 3477 Grotius
1047 3415 1102 3493 (cl.
1123 3419 1197 3478 dre-

64 3533 127 3586 tam
150 3522 186 3582 ad
208 3541 235 3585 r.
258 3519 289 3582 2.
310 3522 381 3597 bn.)
405 3521 535 3600 equitem
556 3517 706 3580 Christum
737 3535 806 3580 esse
828 3519 878 3579 ait.
925 3519 1071 3580 Victorem
1098 3529 1198 3582 autem

64 3623 247 3704 appellatum
277 3639 345 3684 eum
375 3639 443 3682 esse
474 3637 582 3682 censeo
611 3637 670 3680 non
695 3619 789 3682 solam
818 3637 883 3680 eam
912 3620 952 3680 oh
982 3637 1099 3682 eausam
1128 3622 1197 3702 quia

64 3727 201 3790 victurus
223 3731 287 3786 erat
307 3721 379 3798 (καὶ
402 3726 455 3786 ἵνα
476 3717 620 3807 νικήσῃ),
650 3723 707 3784 iam
735 3723 814 3784 enim
837 3741 944 3802 reapse
964 3724 1106 3788 victorem
1128 3745 1198 3790 sese

65 3827 219 3891 exhihuit:
243 3827 313 3888 uicit
333 3833 469 3887 mortem.
514 3826 579 3900 Quo
601 3825 678 3886 iacto
698 3825 827 3904 primum
850 3825 997 3905 quoddam
1018 3827 1056 3888 de
1074 3827 1197 3890 Judaaia

67 3929 214 3994 indicium
236 3929 303 3991 tulit
323 3936 355 3990 ut
377 3929 427 4008 qui
451 3929 529 3990 caeci
553 3929 763 3990 damnaverant
784 3947 851 3992 eum
875 3929 926 4008 qui
948 3935 1027 3990 nunc
1050 3930 1096 3990 vel
1116 3949 1197 3992 mor-

65 4039 107 4100 tis
135 4051 168 4096 se
190 4034 308 4096 exhibet
329 4032 491 4094 dominum.
538 4031 591 4092 lllo
613 4031 706 4111 igitur
734 4031 856 4092 immine
886 4047 972 4111 quem
1000 4047 1087 4093 nemo
1108 4031 1197 4095 homo

67 4139 200 4214 effugere
222 4141 319 4214 potest
348 4133 497 4194 debellato
520 4151 649 4212 surgens
672 4152 708 4194 ex
730 4133 868 4212 sepulcro
884 4132 970 4196 ¹inter
992 4131 1075 4193 viros
1095 4151 1197 4196 rever-

67 4241 142 4302 titur
170 4245 258 4318 atque
288 4235 354 4315 ipso
382 4235 510 4297 adventu
540 4235 640 4297 dicere
669 4235 802 4297 videtur:
843 4229 988 4315 ἐγενόμην
1015 4232 1120 4316 νεκρὸς
1146 4234 1199 4302 καί

68 4337 143 4404 ἰδοὺ
168 4339 227 4414 ζῶν
247 4339 309 4417 εἰμί
334 4339 378 4410 εἰς
406 4333 476 4410 τοὺς
505 4339 618 4412 αἰῶνας
644 4338 704 4400 τῶν
731 4331 850 4402 αἰώνων
872 4335 934 4410 (1,,
950 4333 1022 4410 18).
1068 4337 1198 4416 Contigit

68 4460 143 4504 vero
164 4441 270 4502 loanni
297 4439 374 4502 visio
397 4441 429 4504 io
450 4442 488 4528 τῇ
516 4440 646 4530 κυριακῇ
677 4437 774 4523 ἡμέρᾳ
802 4436 850 4521 [1,
876 4436 933 4522 10]
957 4475 996 4484 -
1020 4435 1077 4503 coia
1103 4435 1198 4524 τούτῳ
