2900 5054
772 341 813 410 36

231 523 390 584 adrentum
418 499 453 580 eti
483 517 556 578 sniis
585 514 764 578 ChristianIs
792 522 907 578 constet
938 503 1079 576 deficiunt
1109 513 1144 574 ad
1164 504 1287 593 prar'nm
1306 511 1359 573 Jo-
1443 537 1444 540 ¹

231 627 378 688 daismnm
407 621 457 702 qui
480 627 560 682 terra
592 619 801 698 significatur..
829 619 957 680 Prorsus
985 616 1092 678 eodem
1119 629 1261 678 emmone
1287 613 1358 675 stie-

229 728 332 809 garico
354 725 493 789 Christus
517 725 559 784 uti
578 721 696 784 videtur
717 721 768 783 tn.
791 719 889 793 XXIV,
912 717 965 779 29.

330 828 519 892 lieiiciuatur
531 844 602 888 vero
617 824 657 898 ὥς
670 826 745 908 συκῆ
759 821 869 904 βάλλει
887 823 962 896 τοῦς
982 816 1137 894 ὀλύνθους
1150 817 1247 905 αὐτῆς
1267 820 1357 899 (accr-
1444 855 1445 870 ι

230 941 267 996 λα
290 955 343 996 ooo
365 931 490 994 Teriuii.
513 929 579 993 adr.
602 927 704 989 Herm.
729 925 794 1002 34.)
821 921 882 989 aiud
912 920 1026 1004 ἆιέμου
1047 918 1182 1000 μεγάλου
1209 923 1357 1002 σειομένη.
1418 957 1423 971 ·

229 1037 285 1100 tibi
309 1037 431 1098 Areias:
455 1027 514 1096 Διό
538 1029 589 1095 καί
611 1032 649 1122 τῇ
672 1030 749 1120 συκῇ
769 1023 830 1092 ὑπὸ
857 1023 975 1106 ἇνέμου
996 1023 1175 1115 ῥιπιζομέυη
1198 1017 1358 1107 παραβαλλ-

231 1137 339 1201 λσνται
361 1123 447 1198 οὗτοι
471 1131 525 1208 [sc.
541 1135 570 1194 οί
593 1131 637 1212 τῷ
657 1127 863 1208 ὑπερτείνουσι
876 1121 1033 1205 νικώμενοι
1049 1129 1102 1210 τῆς
1114 1125 1259 1206 θλίψεως
1272 1141 1359 1204 quem

231 1239 327 1300 iocum
355 1232 405 1313 qni
429 1231 470 1292 ibi
495 1229 573 1291 nulia
604 1247 637 1290 ra
664 1227 840 1307 interposita
863 1226 1012 1288 antecedit
1035 1227 1123 1286 modo
1146 1222 1263 1307 attuiil,
1291 1221 1359 1299 τοὺς
1445 1241 1446 1246 ’

231 1329 382 1407 ὀλύνθους
403 1328 475 1413 ἤτοι
497 1329 567 1404 τοὺς
586 1327 698 1406 ἀτελεῖς
720 1326 869 1411 καρποὺς,
891 1325 938 1402 cic
960 1329 989 1390 οί
1011 1325 1110 1410 μήπω
1126 1327 1170 1407 τῷ
1189 1322 1286 1414 χρόνῳ
1305 1345 1359 1386 πε-

229 1436 398 1504 πανθέντος
426 1434 463 1522 τῇ
486 1436 586 1495 πίστει
607 1429 658 1496 καί
678 1429 907 1508 μλυιιανθλντες
933 1433 972 1519 τῇ
992 1423 1094 1512 χάριτι
1115 1423 1358 1508 ολπειιιάοθησαν,

230 1547 298 1610 ταῖς
319 1531 382 1599 ὑπὸ
405 1537 461 1598 τοῦ
489 1525 644 1614 διαβόλου
663 1536 781 1613 βιαίοις
800 1528 1004 1607 ἀντιπνοίαις,
1025 1533 1084 1594 τῶν
1106 1533 1284 1614 πειρασμῶν
1305 1526 1359 1611 θη·

230 1629 336 1726 λονότι
357 1643 426 1707 ταῖς
447 1631 565 1718 ἆηρίαις
580 1631 778 1716 προσβολαῖς,
800 1635 1047 1716 θορυβηθέντας
1060 1622 1281 1728 ιιατασεισοίση.Ι
1306 1629 1360 1697 Oi·
1446 1681 1447 1716 3

229 1843 414 1923 μαινομένου
436 1841 485 1904 ἐπί
507 1861 539 1902 τε
559 1843 692 1924 χρηστοῦ
718 1839 771 1902 καὶ
792 1839 849 1903 τοῦ
869 1835 1066 1911 ἆπεναντίας·
1088 1836 1129 1911 ὥς
1150 1841 1200 1902 ἐπί
1221 1841 1282 1902 τῶν
1303 1831 1362 1900 dria

232 1937 383 2007 saisitione
405 1943 464 2003 τῶν
486 1941 530 2022 τῷ
548 1937 673 2022 Ἱερεμίᾳ
693 1943 847 2018 φανέντων
871 1943 1008 2023 χρηστῶν
1036 1937 1116 2018 ὁμοῦ
1136 1938 1188 2003 καί
1214 1939 1363 2019 πονηρῶν

230 2046 417 2122 νικαφορίας
438 2040 491 2104 ιιαί
511 2041 565 2118 τῆς
592 2041 798 2122 ξηρανθείσης
825 2042 916 2121 συκῆς
943 2039 994 2103 sai
1019 2041 1074 2121 τῆς
1097 2041 1129 2103 dn
1150 2047 1215 2113 τοῖς
1242 2034 1364 2124 ᾅσμασε
1447 2067 1448 2110 1

229 2141 402 2220 φερομένης.
415 2139 442 2214 *i
488 2139 573 2218 Apud
594 2139 752 2200 Ieremiam
772 2157 798 2200 c.
814 2137 913 2201 XXIV.
936 2139 1011 2200 fleus
1034 2148 1103 2201 sunt
1125 2139 1230 2201 Iudaei
1252 2138 1362 2218 partim

230 2239 300 2300 iusti
327 2238 434 2317 partim
457 2238 551 2316 impii.
596 2239 669 2301 Cum
700 2259 860 2318 praecoces
889 2241 1113 2304 dcus'maxime
1135 2241 1277 2303 delicatae
1299 2241 1364 2302 siat

229 2343 304 2417 (Isa.
326 2339 454 2414 XXVIII,
477 2340 538 2417 4.),
569 2342 724 2420 aptissime
753 2343 812 2421 piis
841 2351 1050 2422 comparantur
1078 2341 1166 2403 Micia.
1185 2341 1250 2414 itt,
1276 2338 1305 2401 l.
1329 2337 1362 2400 2.

230 2441 282 2504 nbi
303 2441 410 2502 verba:
444 2461 625 2519 proeeopnos
657 2447 728 2519 ficus
758 2447 934 2504 desiderauit
961 2447 1058 2504 ανίιυα
1085 2461 1150 2503 ntea
1176 2449 1246 2504 sunt
1275 2441 1364 2521 quasi

230 2537 321 2605 ciavis
344 2542 470 2605 actionis
492 2543 603 2605 Christi
625 2544 674 2606 tta.
698 2545 773 2618 XXI,
800 2545 840 2606 ltt
862 2565 907 2625 sq.
953 2545 1056 2608 Patres
1081 2547 1110 2607 in
1135 2546 1255 2607 deserto
1276 2563 1364 2606 com-

229 2655 371 2724 parantur
393 2644 458 2705 fiois
479 2645 675 2722 praecocibus
697 2647 813 2707 arboris
837 2648 887 2726 qui
911 2656 957 2708 cst
974 2649 1132 2711 universus
1153 2648 1283 2729 popqus
1306 2649 1362 2710 Os.

228 2747 280 2820 IX,
303 2745 354 2808 1⁰.
377 2747 415 2808 ct.
438 2746 521 2807 Cant.
540 2750 579 2819 11,
605 2746 655 2809 la.
700 2747 856 2810 Praeterea
883 2749 957 2811 ficus
986 2752 1081 2812 Israel
1108 2751 1157 2813 ttt.
1181 2749 1281 2822 xxiv,
1307 2747 1361 2810 32.

228 2845 317 2912 Marc.
340 2847 390 2923 XI,
415 2847 465 2910 13.
491 2846 540 2911 14.
563 2845 605 2909 20
621 2869 666 2930 sq.
691 2850 769 2925 XIII,
791 2849 845 2914 28.
868 2852 923 2915 Lu.
948 2853 1027 2928 XIII,
1048 2853 1067 2915 d
1085 2873 1130 2934 sq.
1154 2853 1230 2926 XXI,
1251 2849 1293 2914 λθ
1313 2873 1363 2933 sq.

228 2955 304 3016 Item
325 2951 380 3013 Lu.
403 2949 492 3023 XVII,
516 2951 535 3012 6
557 2950 608 3013 ubi
632 2951 769 3015 Christus
790 2952 976 3016 Iudaismum
998 2959 1154 3036 συκαμίνῳ
1174 2953 1244 3016 deni
1262 2955 1366 3033 dogy-

228 3055 307 3136 ptiae
330 3064 481 3134 comparat
500 3073 559 3116 non
584 3056 650 3117 siae
673 3056 797 3137 quadam
819 3055 993 3132 acerbitate3
1024 3073 1091 3117 nam
1111 3056 1149 3117 de
1172 3057 1269 3118 tractu
1293 3055 1367 3116 eius

227 3157 336 3220 Strabo
358 3155 443 3219 XVII.
467 3175 496 3236 p.
522 3156 622 3220 11-78:
654 3156 764 3238 ἄτιμον
787 3153 815 3221 d'
839 3157 902 3222 ἐστὶ
922 3155 1002 3223 κατολ
1022 3159 1126 3235 νεῦσιν
1148 3157 1186 3219 oi.
1210 3159 1274 3220 Am.
1295 3156 1366 3230 vn,

230 3261 282 3325 tt.
305 3292 347 3307 -
371 3263 416 3324 sic
445 3261 549 3323 Iudaei
580 3261 709 3341 desipidi
739 3261 818 3323 faeti.
864 3259 935 3322 Erat
957 3261 1046 3322 arbor
1073 3260 1255 3322 creberrima
1276 3263 1292 3320 1
1316 3277 1366 3339 rg.

227 3363 263 3439 X,
285 3359 327 3424 27
351 3379 417 3426 eum
432 3363 535 3444 parali.
558 3362 654 3425 Etiam
676 3367 733 3426 Isa.
748 3361 797 3437 IX,
821 3361 841 3424 9
862 3363 952 3424 cedro
975 3362 1160 3442 generosiori
1183 3359 1282 3422 arbori
1305 3379 1368 3442 op-

226 3463 357 3546 ponitur.
388 3464 482 3547 (Mare
505 3465 555 3526 itto
569 3465 667 3526 Lucae
684 3464 749 3527 ioco
765 3471 869 3544 gentes
893 3463 923 3524 in
946 3462 1054 3542 quihus
1070 3463 1244 3525 Iudaismus
1258 3473 1369 3526 trans-

227 3567 344 3652 positus
367 3567 402 3628 ad
417 3566 522 3628 bonam
546 3567 662 3643 frugem
682 3583 751 3626 sese
767 3573 943 3644 recepturus
955 3559 1039 3644 erat).
1067 3561 1169 3643 Sibyll.
1182 3566 1206 3638 I,
1216 3560 1278 3624 291
1295 3580 1366 3644 ειμι

227 3669 316 3734 ἔσται
343 3666 564 3732 πολυποίκιλον
591 3661 693 3738 ἄνθος
710 3663 763 3729 Ἐν
783 3669 871 3756 συνῇ.
916 3663 999 3744 (Flos
1022 3675 1069 3728 est
1090 3677 1150 3730 aar:
1171 3669 1227 3729 Isa.
1251 3666 1304 3742 XI,
1333 3666 1367 3730 I.

227 3784 434 3804 W

329 3837 356 3903 ⁸)
377 3837 411 3888 Ita
430 3839 533 3889 iactasse
547 3837 695 3890 emendanda
715 3845 753 3888 est
775 3839 832 3888 haec
849 3837 984 3902 propositio
1004 3851 1063 3902 quae
1087 3837 1148 3904 apud
1168 3837 1305 3906 Crumerum
1326 3839 1370 3888 sic

225 3924 312 3978 habet:
331 3917 376 3974 διὸ
395 3922 441 3972 καί
459 3915 473 3986 ἡ
490 3922 558 3985 συνῆ
579 3916 633 3974 ὑπὸ
651 3920 757 3992 ἀνέμου
777 3920 937 3990 ῥιπιζομίνη
957 3917 1182 3990 παραβάλλουσαι
1199 3906 1275 3971 οὗτοι
1295 3916 1371 3978 τοὺς

159 4047 162 4054 ,
227 4001 364 4062 ὀλύνθους
382 3998 440 4068 ἤτοι
459 3999 522 4060 τούς
540 4001 643 4060 ἀτελεῖς
663 4000 796 4071 καρποὺς,
818 3993 857 4062 οἷς
876 4003 904 4054 οἱ
921 3999 1006 4072 μήπω
1029 4003 1066 4072 τῷ
1083 3999 1179 4070 χρόνῳ
1197 4005 1370 4055 πεπανθέν-

224 4107 268 4148 τες
284 4091 315 4160 τῇ
335 4093 441 4154 πίστει,
461 4091 507 4140 καὶ
526 4089 728 4157 μλυνανθέντες
751 4090 784 4158 τῇ
799 4084 894 4156 χάριτι
912 4085 1127 4154 σἰιιεικιίσθηοαν
1143 4091 1203 4146 ταῖς
1217 4082 1274 4138 aiud
1293 4085 1370 4140 dan·

224 4169 309 4241 ρόλσυ
326 4175 426 4238 βιαίοις
445 4169 618 4228 ἀντιπνοίαις
638 4207 646 4222 .
663 4171 719 4224 τῶν
736 4172 900 4241 πειρασμῶν
913 4170 1043 4238 δηλονότι
1060 4175 1120 4229 ταῖς
1136 4168 1249 4238 ἀγρίαις
1264 4186 1369 4241 προσ..

224 4257 318 4325 βολαῖς
334 4256 538 4321 θορυβηθέντες
554 4257 780 4318 κατεσείσθησαν.
799 4252 876 4308 older
893 4258 949 4308 κτλ.
984 4257 1012 4308 ln
1028 4259 1119 4310 ultimis
1134 4257 1214 4308 addidi
1234 4257 1281 4308 καί
1302 4269 1370 4324 post

224 4337 307 4400 συκῆς
324 4353 352 4390 ex
372 4338 517 4390 decumanio
537 4338 593 4389 abi:
617 4339 663 4404 τῆς
681 4339 864 4406 ξηρανθείσης
886 4336 941 4394 ὑπὸ
962 4343 1087 4413 Χριστοῦ
1105 4341 1215 4404 καὶτῆς
1233 4341 1370 4412 φερομέ-

224 4437 273 4486 νης
291 4416 376 4490 ἐντῷ
395 4413 499 4489 ᾅσματι
518 4421 582 4487 qnod
601 4421 658 4474 item
676 4424 779 4477 sortasse
800 4423 887 4478 meiius
905 4440 976 4492 qnam
993 4429 1050 4486 τοῖς
1068 4419 1182 4497 ᾅσμασι.
