2900 5054
805 315 847 381 dh

261 501 382 579 *gnatas
411 523 451 536 -
478 488 549 569 quid
581 503 649 550 curn
678 505 714 549 eo
743 493 917 566 argumento
955 483 1079 564 dequo
1115 482 1269 564 quaeritur
1303 483 1373 544 simi-

261 591 397 656 litudinis
431 589 538 654 habeat
568 607 629 650 non
659 587 757 650 rideo.
811 588 848 648 Et
876 587 927 648 uhi
962 585 1035 646 illud
1066 580 1202 648 saddoc?
1253 583 1372 645 Similius

260 695 345 756 ullert
365 692 507 756 Suicerus
528 692 602 753 thes.
626 689 663 753 11.
686 709 715 770 p.
741 689 833 753 1593.
860 687 1081 750 hemistichium
1104 687 1189 764 prius
1211 703 1239 746 v.
1267 683 1317 746 ll.
1338 703 1373 762 ps.

261 796 370 858 XXIX:
401 807 451 876 pru
478 787 554 856 turb
584 803 618 857 rh
637 803 734 866 rra-m
762 792 817 852 sed
845 797 985 870 quantum
1012 787 1058 848 vel
1080 786 1137 848 hoe
1165 804 1181 846 a
1205 804 1238 848 re
1258 785 1376 846 alienun

262 899 303 962 sit
323 897 354 958 in
376 895 531 976 propatulo
547 902 609 979 est.
655 893 789 956 Valesius
821 909 989 971 quanquam
1013 887 1123 949 Fulleri
1152 885 1377 948 emendationem

261 999 391 1060 libenter
412 997 566 1076 amplexus
590 1003 649 1068 est,
679 1004 780 1056 tamen
806 1011 874 1055 oum
898 991 1082 1070 Epiphanius
1105 988 1186 1050 haer.
1211 985 1263 1047 78.
1288 996 1317 1048 et
1337 986 1378 1046 lo-

262 1101 328 1162 rius
359 1097 520 1160 monachus
547 1097 691 1158 iacobum
712 1096 827 1159 Obliam
856 1095 970 1156 dictum
997 1111 1066 1154 esse
1089 1097 1289 1161 testarentur,
1320 1106 1379 1148 cun

261 1202 366 1263 Rufino
390 1209 419 1262 el
446 1199 613 1278 Nicephoro
638 1199 761 1260 retinuit
782 1198 933 1277 vulgarem
957 1196 1150 1274 scripturam,
1182 1197 1307 1254 neuim
1328 1211 1382 1250 cun

263 1307 385 1381 ophitas
407 1307 539 1364 hebraice
563 1323 657 1362 urcem
672 1305 775 1378 populi
797 1305 947 1376 significet.
982 1297 1158 1376 flooporius
1177 1313 1244 1358 esse
1267 1307 1309 1359 nd
1325 1291 1380 1381 ὃς)

262 1409 398 1472 observat
419 1407 576 1469 Reinesius
597 1423 658 1468 var.
683 1406 750 1468 lect.
774 1407 794 1466 Ι.
818 1405 868 1466 111.
892 1424 920 1466 c.
941 1402 971 1466 2.
997 1422 1089 1484 quare
1116 1401 1310 1464 scribendum
1330 1419 1381 1478 pu-

261 1518 304 1571 tat
325 1510 456 1590 ωφλιαμ.
501 1509 656 1571 Consenlit
679 1507 838 1570 Strothius.
881 1509 918 1568 m
946 1507 1028 1567 unde
1060 1503 1132 1566 illud
1160 1501 1242 1567 iota?
1286 1502 1324 1564 Et
1344 1502 1384 1576 (ut

263 1619 373 1671 taceam
387 1609 465 1688 quod
488 1606 547 1672 bur
569 1627 674 1688 parurn
688 1618 823 1672 accurate
843 1608 985 1671 vocabulo
1007 1609 1150 1690 περιοχῆς
1172 1623 1294 1667 versum
1317 1604 1384 1665 luis·

263 1708 325 1786 set)
352 1709 471 1771 ubinam
503 1709 614 1789 legitur
640 1711 713 1772 illud
745 1712 776 1772 in
806 1708 985 1791 prophetis?
1030 1709 1171 1772 Sulcerus
1202 1707 1385 1768 lamento.
1425 1751 1429 1808 1

261 1827 322 1870 non
347 1810 479 1889 ineptum
502 1821 606 1874 censet
628 1813 761 1875 seribere
783 1813 856 1875 illud
879 1813 925 1875 vel
948 1807 1047 1876 arbes
1070 1811 1149 1890 quod
1174 1809 1213 1871 sit
1234 1809 1317 1870 idem
1339 1826 1386 1869 no-

262 1930 331 1974 men
353 1920 440 1992 atque
461 1906 589 1990 Ἠφλίας
615 1915 691 1992 apud
714 1915 886 1994 losephum.
932 1914 1071 1976 Neander
1093 1913 1200 1975 Gesoh.
1228 1913 1258 1973 d.
1281 1911 1385 1974 Pllana

262 2035 291 2095 p.
314 2012 385 2076 562.
407 2033 489 2094 ann:
512 2015 667 2078 Vielleiehl
690 2028 729 2092 bs}
752 2015 814 2103 bg'r
832 2019 907 2078 oder
931 2016 990 2107 br}
1014 2013 1056 2079 ab
1078 2035 1137 2077 was
1166 2016 1221 2077 der
1249 2015 1388 2078 Schreib-

263 2129 309 2182 art
338 2121 391 2182 des
420 2121 609 2200 hegesippus
639 2121 731 2182 ndher
755 2121 885 2193 hommt,
916 2138 1002 2181 wenn
1029 2138 1096 2180 man
1127 2117 1209 2180 nicht
1230 2135 1292 2180 was
1315 2117 1387 2178 wohl

262 2221 597 2294 unwahrscheinlicher‚
621 2223 676 2283 mit
699 2223 799 2284 Fuller
821 2217 881 2298 02¹>
907 2219 941 2287 τῖ’
959 2223 1044 2284 lesen
1061 2223 1129 2284 will.
1176 2222 1249 2283 Cum
1273 2222 1306 2282 in
1330 2231 1386 2282 tex·

158 2403 162 2414 ,
262 2323 301 2384 tis
321 2330 431 2384 vertat:
462 2323 675 2386 Sehutzmauer
701 2326 753 2388 des
776 2327 903 2400 Volkes,
927 2327 1083 2390 concinere
1105 2325 1224 2388 videtur
1246 2345 1316 2389 cum
1340 2327 1389 2389 Hi·

262 2425 389 2503 tzigiana
411 2427 547 2489 vocabuli
570 2440 612 2491 ιν
634 2429 818 2493 derivatione
846 2431 881 2492 ad
907 2431 1014 2493 Erech.
1038 2430 1114 2505 XLl,
1136 2427 1188 2491 25.
1212 2428 1265 2492 26.
1312 2433 1388 2492 Atta·

254 2546 331 2612 ¹rnen
354 2528 470 2591 etiamsi
500 2538 617 2610 etymon
648 2533 899 2607 concederemus,
931 2533 1050 2595 omnino
1073 2551 1131 2593 non
1159 2532 1299 2594 videmus
1321 2551 1391 2613 quo-

263 2631 353 2692 modo
379 2631 426 2692 vel
450 2631 529 2694 hunc
556 2632 655 2694 locum
683 2634 849 2697 Ezechielis
878 2635 924 2697 vel
954 2635 1077 2696 alterum
1106 2632 1202 2693 solum
1229 2651 1288 2712 quo
1321 2632 1391 2709 legi·

263 2739 312 2793 tur
341 2733 359 2793 3
382 2751 427 2811 rg.
452 2734 519 2808 VIl,
550 2735 569 2795 6
601 2736 637 2796 ad
665 2737 808 2799 Jacohum
836 2738 978 2800 adhibere
1006 2736 1156 2815 potuerint
1185 2743 1392 2815 praeterquam

264 2834 343 2914 quod
374 2847 414 2896 :ut
443 2844 555 2900 tanturn
589 2838 650 2901 illic
679 2839 812 2918 legatur,
851 2859 909 2901 non
940 2837 999 2905 urb
1029 2852 1079 2902 ³³⁴.
1134 2840 1227 2900 Porro
1257 2837 1393 2901 Michaeli

264 2935 376 2998 Sachso
399 2937 429 2997 in
453 2955 543 3017 opere
565 2940 613 3002 oui
637 2940 807 3021 inscripsit:
833 2942 967 3018 Beitrdge
989 2960 1042 3002 zur
1063 2939 1195 3020 Spraeh-
1216 2939 1278 3000 und
1298 2939 1395 3000 Alter-

18 3043 23 3050 '
145 3119 148 3125 Ι
264 3041 527 3122 thumslorschung
548 3063 600 3106 aus
616 3045 780 3106 lr‘rdisohen
802 3045 924 3118 Quellen
944 3043 974 3104 in
993 3043 1136 3106 iasoiculo
1157 3041 1290 3105 seeundo
1315 3039 1397 3103 1854

263 3162 293 3221 p.
317 3141 358 3202 32
381 3143 546 3204 verisimile
569 3153 615 3204 ost
636 3163 745 3205 nomen
769 3144 871 3206 Obliae
894 3144 1084 3206 referendum
1109 3161 1176 3206 esse
1200 3144 1238 3203 ad
1261 3141 1397 3226 ἔμβολον

264 3245 300 3306 da
329 3243 404 3305 nach
435 3245 502 3304 dem
531 3245 750 3308 talmudischen
773 3247 1058 3326 Spraehgebrauche
1087 3265 1119 3307 es
1153 3243 1293 3306 leststeht
1327 3243 1398 3306 dass

263 3345 429 3426 uberhaupt
450 3347 598 3410 hedechtc
621 3349 720 3428 Gange
744 3350 802 3412 und
826 3351 1084 3428 Ummauerungcn
1108 3368 1141 3411 so
1164 3356 1295 3427 genennt
1318 3365 1399 3408 wur-

264 3447 331 3509 den.
376 3449 477 3530 Pergit
505 3471 592 3513 vero:
621 3453 683 3514 Firr
712 3454 796 3516 disse
825 3454 942 3537 ἔμβολα
972 3455 1020 3515 hat
1051 3453 1106 3514 der
1128 3451 1400 3532 Sprachgebrauch

264 3551 318 3613 des
343 3552 467 3614 Talmud
500 3556 559 3616 und
583 3555 637 3617 der
659 3557 831 3634 Targumim
854 3555 902 3617 die
927 3557 1055 3620 Formen
1078 3551 1168 3620 *boner
1195 3557 1257 3617 und
1279 3551 1400 3618 urbano

264 3651 319 3712 mit
340 3652 544 3732 husstossung
567 3655 620 3715 des
640 3679 662 3734 μ
688 3653 734 3733 (s.
759 3656 808 3715 die
832 3655 944 3717 Stelleu
968 3659 1008 3718 im
1031 3659 1130 3719 druch
1153 3658 1208 3719 der
1230 3657 1298 3719 hier
1323 3659 1402 3720 auch

265 3752 317 3813 das
349 3751 535 3830 griechisehe
562 3755 646 3816 Wort
673 3755 781 3835 riehtig
810 3757 948 3836 engiebt)
971 3759 1001 3819 in
1033 3759 1087 3821 der
1106 3759 1279 3842 Bedeutung
1311 3763 1403 3824 eines

264 3877 315 3920 um
339 3857 387 3920 die
409 3858 493 3920 Stadt
514 3859 579 3921 sich
605 3859 878 3923 herumziohenden
899 3863 993 3925 Baues
1022 3863 1097 3926 oder
1123 3865 1208 3926 einer
1228 3865 1332 3928 hlauer
1356 3865 1404 3949 (s.

266 3958 431 4043 blussalia).
483 3962 593 4024 Dareus
621 3961 731 4024 bildete
764 3962 829 4026 sich
857 3964 905 4026 ein
937 3965 1088 4046 syrisches
1115 3965 1249 4047 Adjectir
1278 3963 1403 4030 mrbus

267 4070 341 4130 oder
375 4064 488 4132 erbam
519 4067 623 4148 0hlojo
662 4068 734 4129 oder
762 4068 887 4150 hhulojo
919 4089 974 4131 von
1002 4069 1106 4132 Einem
1143 4070 1198 4131 der
1233 4070 1289 4132 wic
1330 4073 1405 4133 eine

267 4171 481 4233 Sehutzmauer
500 4170 594 4232 Recht
619 4171 680 4232 und
703 4171 856 4234 Wahrheit
883 4173 1007 4234 schirmt
1036 4173 1113 4250 (sgl.
1138 4171 1195 4233 den
1226 4171 1405 4235 biblischen

266 4273 423 4335 husdruoh
449 4274 464 4334 l
488 4259 566 4335 Sam.
590 4269 649 4347 25,
681 4272 720 4334 16
749 4274 808 4336 und
830 4275 891 4336 Jes.
915 4272 973 4350 32,
1000 4271 1043 4352 2)
1075 4291 1190 4335 woraus
1222 4273 1289 4334 dies
1318 4274 1406 4350 grie-

265 4373 389 4437 chische
408 4371 534 4457 Ὀβλίας
556 4376 725 4457 geworden.
770 4377 886 4440 Sufficit
915 4359 1011 4439 tamen
1040 4383 1141 4438 contra
1168 4375 1244 4438 hano
1265 4376 1406 4457 explica·
