<?xml version="1.0" encoding="UTF-8"?>
<!DOCTYPE html PUBLIC "-//W3C//DTD XHTML 1.0 Transitional//EN"
    "http://www.w3.org/TR/xhtml1/DTD/xhtml1-transitional.dtd">
<html xmlns="http://www.w3.org/1999/xhtml" xml:lang="en" lang="en">
 <head>
  <title>
</title>
<meta http-equiv="Content-Type" content="text/html;charset=utf-8" />
  <meta name='ocr-system' content='tesseract 3.04.00' />
  <meta name='ocr-capabilities' content='ocr_page ocr_carea ocr_par ocr_line ocrx_word'/>
</head>
<body>
  <div class='ocr_page' id='page_1' title='image "./deapocalypsijoa00boehgoog_0012.png"; bbox 0 0 2900 5054; ppageno 0'>
   <div class='ocr_carea' id='block_1_1' title="bbox 625 339 645 408">
    <p class='ocr_par' dir='ltr' id='par_1_1' title="bbox 625 339 645 408">
     <span class='ocr_line' id='line_1_1' title="bbox 625 339 645 408; baseline 0 0"><span class='ocrx_word' id='word_1_1' title='bbox 625 339 645 408; x_wconf 81' lang='lat'><strong>5</strong></span> 
     </span>
    </p>
   </div>
   <div class='ocr_carea' id='block_1_2' title="bbox 60 507 1200 1520">
    <p class='ocr_par' dir='ltr' id='par_1_2' title="bbox 60 507 1200 1520">
     <span class='ocr_line' id='line_1_2' title="bbox 64 507 1198 605; baseline 0.021 -39"><span class='ocrx_word' id='word_1_2' title='bbox 64 507 182 568; x_wconf 92' lang='lat' dir='ltr'><strong>illorum</strong></span> <span class='ocrx_word' id='word_1_3' title='bbox 206 509 368 585; x_wconf 86' lang='lat' dir='ltr'><strong>potestates</strong></span> <span class='ocrx_word' id='word_1_4' title='bbox 391 521 603 574; x_wconf 78' lang='lat' dir='ltr'><strong>enumerantur</strong></span> <span class='ocrx_word' id='word_1_5' title='bbox 628 523 663 576; x_wconf 85' lang='lat' dir='ltr'><strong>et</strong></span> <span class='ocrx_word' id='word_1_6' title='bbox 678 517 864 595; x_wconf 72' lang='lat' dir='ltr'><strong>derivantur,</strong></span> <span class='ocrx_word' id='word_1_7' title='bbox 887 522 926 583; x_wconf 89' lang='lat' dir='ltr'><strong>ita</strong></span> <span class='ocrx_word' id='word_1_8' title='bbox 951 526 1085 586; x_wconf 78' lang='lat' dir='ltr'>construi</span> <span class='ocrx_word' id='word_1_9' title='bbox 1099 535 1198 605; x_wconf 87' lang='lat' dir='ltr'><strong>potest</strong></span> 
     </span>
     <span class='ocr_line' id='line_1_3' title="bbox 64 607 1200 701; baseline 0.021 -35"><span class='ocrx_word' id='word_1_10' title='bbox 64 607 223 668; x_wconf 88' lang='lat' dir='ltr'><strong>thesaurus</strong></span> <span class='ocrx_word' id='word_1_11' title='bbox 244 609 463 688; x_wconf 76' lang='lat' dir='ltr'><strong>allegoriarum.</strong></span> <span class='ocrx_word' id='word_1_12' title='bbox 508 613 596 698; x_wconf 70' lang='grc' dir='ltr'><strong>Σιφῆ</strong></span> <span class='ocrx_word' id='word_1_13' title='bbox 610 613 772 700; x_wconf 69' lang='lat' dir='ltr'><strong>cippaticos</strong></span> <span class='ocrx_word' id='word_1_14' title='bbox 785 623 926 701; x_wconf 84' lang='lat' dir='ltr'><strong>allegoria</strong></span> <span class='ocrx_word' id='word_1_15' title='bbox 945 623 1109 688; x_wconf 85' lang='lat' dir='ltr'><strong>secuudum</strong></span> <span class='ocrx_word' id='word_1_16' title='bbox 1125 629 1200 690; x_wconf 68' lang='lat' dir='ltr'><strong>rto-¹</strong></span> 
     </span>
     <span class='ocr_line' id='line_1_4' title="bbox 62 708 1195 805; baseline 0.023 -38"><span class='ocrx_word' id='word_1_17' title='bbox 62 708 162 770; x_wconf 89' lang='lat' dir='ltr'><strong>lenem</strong></span> <span class='ocrx_word' id='word_1_18' title='bbox 192 708 294 790; x_wconf 83' lang='grc'>(660).</span> <span class='ocrx_word' id='word_1_19' title='bbox 344 715 447 786; x_wconf 87' lang='lat' dir='ltr'><strong>Qualis</strong></span> <span class='ocrx_word' id='word_1_20' title='bbox 479 717 637 780; x_wconf 75' lang='lat' dir='ltr'><strong>thesaurus</strong></span> <span class='ocrx_word' id='word_1_21' title='bbox 667 723 804 785; x_wconf 87' lang='lat' dir='ltr'><strong>ouurihus</strong></span> <span class='ocrx_word' id='word_1_22' title='bbox 827 746 899 805; x_wconf 87' lang='lat' dir='ltr'><strong>quas</strong></span> <span class='ocrx_word' id='word_1_23' title='bbox 928 721 1052 789; x_wconf 85' lang='lat' dir='ltr'><strong>scientia</strong></span> <span class='ocrx_word' id='word_1_24' title='bbox 1076 740 1195 793; x_wconf 87' lang='lat' dir='ltr'><strong>nostrae</strong></span> 
     </span>
     <span class='ocr_line' id='line_1_5' title="bbox 62 813 1196 898; baseline 0.023 -26"><span class='ocrx_word' id='word_1_25' title='bbox 62 813 167 874; x_wconf 86' lang='lat' dir='ltr'><strong>aetatis</strong></span> <span class='ocrx_word' id='word_1_26' title='bbox 190 815 310 892; x_wconf 85' lang='lat' dir='ltr'><strong>praehet</strong></span> <span class='ocrx_word' id='word_1_27' title='bbox 331 817 438 894; x_wconf 82' lang='lat' dir='ltr'><strong>opibus</strong></span> <span class='ocrx_word' id='word_1_28' title='bbox 458 821 486 881; x_wconf 92' lang='lat' dir='ltr'><strong>iu</strong></span> <span class='ocrx_word' id='word_1_29' title='bbox 509 831 601 882; x_wconf 88' lang='lat' dir='ltr'><strong>artem</strong></span> <span class='ocrx_word' id='word_1_30' title='bbox 632 824 771 887; x_wconf 87' lang='lat' dir='ltr'><strong>redactus</strong></span> <span class='ocrx_word' id='word_1_31' title='bbox 791 847 858 888; x_wconf 88' lang='lat' dir='ltr'><strong>cum</strong></span> <span class='ocrx_word' id='word_1_32' title='bbox 888 830 985 891; x_wconf 92' lang='lat' dir='ltr'><strong>adhuc</strong></span> <span class='ocrx_word' id='word_1_33' title='bbox 1008 831 1196 898; x_wconf 87' lang='lat' dir='ltr'><strong>desideratur</strong></span> 
     </span>
     <span class='ocr_line' id='line_1_6' title="bbox 62 915 1195 1016; baseline 0.023 -42"><span class='ocrx_word' id='word_1_34' title='bbox 62 945 102 956; x_wconf 88' lang='lat'><strong>--</strong></span> <span class='ocrx_word' id='word_1_35' title='bbox 127 915 246 980; x_wconf 87' lang='lat' dir='ltr'><strong>Laureti</strong></span> <span class='ocrx_word' id='word_1_36' title='bbox 270 918 349 980; x_wconf 89' lang='lat' dir='ltr'><strong>enim</strong></span> <span class='ocrx_word' id='word_1_37' title='bbox 373 921 453 982; x_wconf 88' lang='lat' dir='ltr'><strong>Silva</strong></span> <span class='ocrx_word' id='word_1_38' title='bbox 478 922 695 1001; x_wconf 67' lang='lat' dir='ltr'><strong>allegoriarum</strong></span> <span class='ocrx_word' id='word_1_39' title='bbox 719 929 803 992; x_wconf 91' lang='lat' dir='ltr'><strong>rudis</strong></span> <span class='ocrx_word' id='word_1_40' title='bbox 832 941 878 993; x_wconf 92' lang='lat' dir='ltr'><strong>est</strong></span> <span class='ocrx_word' id='word_1_41' title='bbox 899 933 1107 1016; x_wconf 88' lang='lat' dir='ltr'><strong>indigestaque</strong></span> <span class='ocrx_word' id='word_1_42' title='bbox 1131 957 1195 999; x_wconf 90' lang='lat' dir='ltr'><strong>mo-</strong></span> 
     </span>
     <span class='ocr_line' id='line_1_7' title="bbox 62 1018 1195 1117; baseline 0.02 -40"><span class='ocrx_word' id='word_1_43' title='bbox 62 1018 169 1078; x_wconf 84' lang='lat' dir='ltr'><strong>les-</strong></span> <span class='ocrx_word' id='word_1_44' title='bbox 192 1037 281 1097; x_wconf 87' lang='lat' dir='ltr'><strong>saepe</strong></span> <span class='ocrx_word' id='word_1_45' title='bbox 304 1021 333 1080; x_wconf 92' lang='lat' dir='ltr'><strong>in</strong></span> <span class='ocrx_word' id='word_1_46' title='bbox 364 1023 516 1100; x_wconf 88' lang='lat' dir='ltr'><strong>allegoriis</strong></span> <span class='ocrx_word' id='word_1_47' title='bbox 540 1027 722 1104; x_wconf 81' lang='lat' dir='ltr'><strong>explicandis</strong></span> <span class='ocrx_word' id='word_1_48' title='bbox 754 1031 792 1091; x_wconf 91' lang='lat' dir='ltr'><strong>ita</strong></span> <span class='ocrx_word' id='word_1_49' title='bbox 824 1045 1024 1112; x_wconf 88' lang='lat' dir='ltr'><strong>comparatum</strong></span> <span class='ocrx_word' id='word_1_50' title='bbox 1055 1045 1101 1098; x_wconf 90' lang='lat' dir='ltr'><strong>est</strong></span> <span class='ocrx_word' id='word_1_51' title='bbox 1120 1057 1195 1117; x_wconf 91' lang='lat' dir='ltr'><strong>quo-</strong></span> 
     </span>
     <span class='ocr_line' id='line_1_8' title="bbox 62 1119 1194 1210; baseline 0.021 -33"><span class='ocrx_word' id='word_1_52' title='bbox 62 1120 153 1180; x_wconf 91' lang='lat' dir='ltr'><strong>modo</strong></span> <span class='ocrx_word' id='word_1_53' title='bbox 174 1119 204 1180; x_wconf 90' lang='lat' dir='ltr'><strong>iu</strong></span> <span class='ocrx_word' id='word_1_54' title='bbox 227 1121 381 1184; x_wconf 83' lang='lat' dir='ltr'><strong>eliciendis</strong></span> <span class='ocrx_word' id='word_1_55' title='bbox 404 1136 594 1188; x_wconf 88' lang='lat' dir='ltr'><strong>cuneatarum</strong></span> <span class='ocrx_word' id='word_1_56' title='bbox 624 1129 852 1210; x_wconf 89' lang='lat' dir='ltr'><strong>inscriptionum</strong></span> <span class='ocrx_word' id='word_1_57' title='bbox 883 1138 1042 1198; x_wconf 73' lang='lat' dir='ltr'><strong>sententiis</strong></span> <span class='ocrx_word' id='word_1_58' title='bbox 1071 1141 1129 1200; x_wconf 91' lang='lat' dir='ltr'><strong>uhi·</strong></span> <span class='ocrx_word' id='word_1_59' title='bbox 1147 1140 1194 1200; x_wconf 90' lang='lat' dir='ltr'><strong>in-</strong></span> 
     </span>
     <span class='ocr_line' id='line_1_9' title="bbox 62 1217 1194 1321; baseline 0.022 -43"><span class='ocrx_word' id='word_1_60' title='bbox 62 1217 217 1296; x_wconf 85' lang='lat' dir='ltr'><strong>dagatores</strong></span> <span class='ocrx_word' id='word_1_61' title='bbox 239 1229 268 1284; x_wconf 90' lang='lat' dir='ltr'><strong>et</strong></span> <span class='ocrx_word' id='word_1_62' title='bbox 290 1221 387 1284; x_wconf 81' lang='lat' dir='ltr'><strong>lexico</strong></span> <span class='ocrx_word' id='word_1_63' title='bbox 410 1236 513 1288; x_wconf 90' lang='lat' dir='ltr'><strong>carent</strong></span> <span class='ocrx_word' id='word_1_64' title='bbox 538 1238 568 1289; x_wconf 90' lang='lat' dir='ltr'><strong>et</strong></span> <span class='ocrx_word' id='word_1_65' title='bbox 595 1233 784 1306; x_wconf 83' lang='lat' dir='ltr'><strong>grentmatiea</strong></span> <span class='ocrx_word' id='word_1_66' title='bbox 814 1244 843 1298; x_wconf 87' lang='lat' dir='ltr'><strong>et</strong></span> <span class='ocrx_word' id='word_1_67' title='bbox 870 1239 917 1299; x_wconf 89' lang='lat' dir='ltr'><strong>vel</strong></span> <span class='ocrx_word' id='word_1_68' title='bbox 947 1240 1097 1301; x_wconf 89' lang='lat' dir='ltr'><strong>interdum</strong></span> <span class='ocrx_word' id='word_1_69' title='bbox 1127 1241 1194 1321; x_wconf 89' lang='lat' dir='ltr'><strong>ipse</strong></span> 
     </span>
     <span class='ocr_line' id='line_1_10' title="bbox 60 1317 1192 1416; baseline 0.022 -38"><span class='ocrx_word' id='word_1_70' title='bbox 60 1317 227 1382; x_wconf 88' lang='lat' dir='ltr'><strong>litterarum</strong></span> <span class='ocrx_word' id='word_1_71' title='bbox 256 1323 440 1401; x_wconf 86' lang='lat' dir='ltr'><strong>significatus</strong></span> <span class='ocrx_word' id='word_1_72' title='bbox 466 1328 544 1391; x_wconf 88' lang='lat' dir='ltr'><strong>latet.</strong></span> <span class='ocrx_word' id='word_1_73' title='bbox 575 1363 616 1375; x_wconf 86' lang='lat'><em>-</em></span> <span class='ocrx_word' id='word_1_74' title='bbox 666 1334 729 1395; x_wconf 91' lang='lat' dir='ltr'><strong>lam</strong></span> <span class='ocrx_word' id='word_1_75' title='bbox 759 1357 830 1398; x_wconf 88' lang='lat' dir='ltr'><strong>vcro</strong></span> <span class='ocrx_word' id='word_1_76' title='bbox 858 1349 977 1416; x_wconf 90' lang='lat' dir='ltr'><strong>praeter</strong></span> <span class='ocrx_word' id='word_1_77' title='bbox 1007 1341 1192 1404; x_wconf 86' lang='lat' dir='ltr'><strong>enodandam</strong></span> 
     </span>
     <span class='ocr_line' id='line_1_11' title="bbox 62 1420 1193 1520; baseline 0.023 -42"><span class='ocrx_word' id='word_1_78' title='bbox 62 1420 208 1484; x_wconf 89' lang='lat' dir='ltr'><strong>rationem</strong></span> <span class='ocrx_word' id='word_1_79' title='bbox 229 1424 360 1486; x_wconf 85' lang='lat' dir='ltr'><strong>vaticinii</strong></span> <span class='ocrx_word' id='word_1_80' title='bbox 386 1427 576 1508; x_wconf 78' lang='lat' dir='ltr'><strong>allegoricam</strong></span> <span class='ocrx_word' id='word_1_81' title='bbox 610 1435 766 1514; x_wconf 81' lang='lat' dir='ltr'><strong>explicatio</strong></span> <span class='ocrx_word' id='word_1_82' title='bbox 801 1458 835 1500; x_wconf 88' lang='lat' dir='ltr'><strong>ea</strong></span> <span class='ocrx_word' id='word_1_83' title='bbox 863 1450 939 1502; x_wconf 87' lang='lat' dir='ltr'><strong>extat</strong></span> <span class='ocrx_word' id='word_1_84' title='bbox 968 1459 1057 1520; x_wconf 88' lang='lat' dir='ltr'><strong>quam</strong></span> <span class='ocrx_word' id='word_1_85' title='bbox 1089 1444 1193 1506; x_wconf 89' lang='lat' dir='ltr'><strong>dicuat</strong></span> 
     </span>
    </p>
   </div>
   <div class='ocr_carea' id='block_1_3' title="bbox 60 1524 1293 1623">
    <p class='ocr_par' dir='ltr' id='par_1_3' title="bbox 60 1524 1293 1623">
     <span class='ocr_line' id='line_1_12' title="bbox 60 1524 1293 1623; baseline 0.02 -39"><span class='ocrx_word' id='word_1_86' title='bbox 60 1524 242 1591; x_wconf 82' lang='lat' dir='ltr'><strong>historicam.</strong></span> <span class='ocrx_word' id='word_1_87' title='bbox 287 1529 526 1612; x_wconf 88' lang='lat' dir='ltr'><strong>lovestigaudum</strong></span> <span class='ocrx_word' id='word_1_88' title='bbox 550 1538 629 1599; x_wconf 88' lang='lat' dir='ltr'><strong>enim</strong></span> <span class='ocrx_word' id='word_1_89' title='bbox 654 1548 700 1602; x_wconf 88' lang='lat' dir='ltr'><strong>est</strong></span> <span class='ocrx_word' id='word_1_90' title='bbox 722 1542 758 1602; x_wconf 89' lang='lat' dir='ltr'><strong>od</strong></span> <span class='ocrx_word' id='word_1_91' title='bbox 780 1561 922 1623; x_wconf 89' lang='lat' dir='ltr'><strong>quasnam</strong></span> <span class='ocrx_word' id='word_1_92' title='bbox 947 1563 997 1604; x_wconf 88' lang='lat' dir='ltr'><strong>res</strong></span> <span class='ocrx_word' id='word_1_93' title='bbox 1020 1553 1115 1605; x_wconf 87' lang='lat' dir='ltr'><strong>aetate</strong></span> <span class='ocrx_word' id='word_1_94' title='bbox 1138 1565 1192 1608; x_wconf 88' lang='lat' dir='ltr'><strong>sua</strong></span> <span class='ocrx_word' id='word_1_95' title='bbox 1286 1545 1293 1557; x_wconf 51' lang='lat'><strong>⁸</strong></span> 
     </span>
    </p>
   </div>
   <div class='ocr_carea' id='block_1_4' title="bbox 54 1639 1215 3470">
    <p class='ocr_par' dir='ltr' id='par_1_4' title="bbox 54 1639 1215 3470">
     <span class='ocr_line' id='line_1_13' title="bbox 59 1639 1190 1725; baseline 0.017 -35"><span class='ocrx_word' id='word_1_96' title='bbox 59 1639 161 1706; x_wconf 86' lang='lat' dir='ltr'><strong>gestas</strong></span> <span class='ocrx_word' id='word_1_97' title='bbox 184 1642 264 1694; x_wconf 88' lang='lat' dir='ltr'><strong>vates</strong></span> <span class='ocrx_word' id='word_1_98' title='bbox 286 1643 420 1698; x_wconf 88' lang='lat' dir='ltr'><strong>veterum</strong></span> <span class='ocrx_word' id='word_1_99' title='bbox 442 1639 653 1718; x_wconf 86' lang='lat' dir='ltr'><strong>prophetarum</strong></span> <span class='ocrx_word' id='word_1_100' title='bbox 685 1651 714 1704; x_wconf 89' lang='lat' dir='ltr'><strong>et</strong></span> <span class='ocrx_word' id='word_1_101' title='bbox 735 1647 807 1706; x_wconf 88' lang='lat' dir='ltr'><strong>lesu</strong></span> <span class='ocrx_word' id='word_1_102' title='bbox 827 1645 936 1707; x_wconf 85' lang='lat' dir='ltr'><strong>Christi</strong></span> <span class='ocrx_word' id='word_1_103' title='bbox 967 1646 1190 1725; x_wconf 83' lang='lat' dir='ltr'><strong>praedictiones</strong></span> 
     </span>
     <span class='ocr_line' id='line_1_14' title="bbox 59 1738 1192 1826; baseline 0.013 -32"><span class='ocrx_word' id='word_1_104' title='bbox 59 1751 196 1809; x_wconf 80' lang='lat' dir='ltr'><strong>megaram</strong></span> <span class='ocrx_word' id='word_1_105' title='bbox 219 1743 332 1812; x_wconf 82' lang='lat' dir='ltr'><strong>partem</strong></span> <span class='ocrx_word' id='word_1_106' title='bbox 355 1738 534 1816; x_wconf 86' lang='lat' dir='ltr'><strong>imaginihus</strong></span> <span class='ocrx_word' id='word_1_107' title='bbox 566 1743 711 1805; x_wconf 87' lang='lat' dir='ltr'><strong>involutas</strong></span> <span class='ocrx_word' id='word_1_108' title='bbox 739 1745 887 1806; x_wconf 87' lang='lat' dir='ltr'><strong>rettulerit</strong></span> <span class='ocrx_word' id='word_1_109' title='bbox 914 1756 947 1807; x_wconf 91' lang='lat' dir='ltr'><strong>ut</strong></span> <span class='ocrx_word' id='word_1_110' title='bbox 976 1765 1051 1826; x_wconf 82' lang='lat' dir='ltr'><strong>qrtae</strong></span> <span class='ocrx_word' id='word_1_111' title='bbox 1080 1765 1192 1809; x_wconf 86' lang='lat' dir='ltr'><strong>secuu-</strong></span> 
     </span>
     <span class='ocr_line' id='line_1_15' title="bbox 58 1835 1215 1920; baseline 0.01 -24"><span class='ocrx_word' id='word_1_112' title='bbox 58 1835 130 1898; x_wconf 88' lang='lat' dir='ltr'><strong>dum</strong></span> <span class='ocrx_word' id='word_1_113' title='bbox 154 1836 203 1898; x_wconf 89' lang='lat' dir='ltr'><strong>dei</strong></span> <span class='ocrx_word' id='word_1_114' title='bbox 224 1838 382 1900; x_wconf 88' lang='lat' dir='ltr'><strong>eonsilium</strong></span> <span class='ocrx_word' id='word_1_115' title='bbox 407 1841 571 1904; x_wconf 84' lang='lat' dir='ltr'><strong>revelatum</strong></span> <span class='ocrx_word' id='word_1_116' title='bbox 592 1846 690 1905; x_wconf 84' lang='lat' dir='ltr'><strong>sutura</strong></span> <span class='ocrx_word' id='word_1_117' title='bbox 712 1854 812 1920; x_wconf 87' lang='lat' dir='ltr'><strong>eraut,</strong></span> <span class='ocrx_word' id='word_1_118' title='bbox 836 1867 870 1907; x_wconf 85' lang='lat' dir='ltr'><strong>aa</strong></span> <span class='ocrx_word' id='word_1_119' title='bbox 892 1855 1031 1908; x_wconf 88' lang='lat' dir='ltr'><strong>eventum</strong></span> <span class='ocrx_word' id='word_1_120' title='bbox 1048 1848 1215 1910; x_wconf 89' lang='lat' dir='ltr'><strong>hahuisse-</strong></span> 
     </span>
     <span class='ocr_line' id='line_1_16' title="bbox 58 1938 1189 2028; baseline 0.011 -30"><span class='ocrx_word' id='word_1_121' title='bbox 58 1938 213 2000; x_wconf 88' lang='lat' dir='ltr'><strong>iudicaret.</strong></span> <span class='ocrx_word' id='word_1_122' title='bbox 258 1943 354 2021; x_wconf 79' lang='lat' dir='ltr'><strong>Atque</strong></span> <span class='ocrx_word' id='word_1_123' title='bbox 376 1943 433 2004; x_wconf 92' lang='lat' dir='ltr'><strong>hoc</strong></span> <span class='ocrx_word' id='word_1_124' title='bbox 456 1945 577 2023; x_wconf 91' lang='lat' dir='ltr'><strong>quidem</strong></span> <span class='ocrx_word' id='word_1_125' title='bbox 600 1953 646 2008; x_wconf 86' lang='lat' dir='ltr'><strong>est</strong></span> <span class='ocrx_word' id='word_1_126' title='bbox 667 1947 696 2006; x_wconf 91' lang='lat' dir='ltr'><strong>in</strong></span> <span class='ocrx_word' id='word_1_127' title='bbox 718 1967 776 2026; x_wconf 91' lang='lat' dir='ltr'><strong>quo</strong></span> <span class='ocrx_word' id='word_1_128' title='bbox 798 1949 958 2028; x_wconf 90' lang='lat' dir='ltr'><strong>praecipue</strong></span> <span class='ocrx_word' id='word_1_129' title='bbox 980 1958 1116 2010; x_wconf 86' lang='lat' dir='ltr'><strong>versatur</strong></span> <span class='ocrx_word' id='word_1_130' title='bbox 1134 1967 1189 2010; x_wconf 92' lang='lat' dir='ltr'><strong>uo·</strong></span> 
     </span>
     <span class='ocr_line' id='line_1_17' title="bbox 58 2039 1187 2128; baseline 0.008 -29"><span class='ocrx_word' id='word_1_131' title='bbox 58 2048 119 2100; x_wconf 88' lang='lat' dir='ltr'><strong>stra</strong></span> <span class='ocrx_word' id='word_1_132' title='bbox 143 2039 304 2118; x_wconf 88' lang='lat' dir='ltr'><strong>disputatio</strong></span> <span class='ocrx_word' id='word_1_133' title='bbox 323 2053 353 2104; x_wconf 90' lang='lat' dir='ltr'><strong>et</strong></span> <span class='ocrx_word' id='word_1_134' title='bbox 376 2045 453 2124; x_wconf 88' lang='lat' dir='ltr'><strong>quod</strong></span> <span class='ocrx_word' id='word_1_135' title='bbox 481 2065 569 2125; x_wconf 86' lang='lat' dir='ltr'><strong>quam</strong></span> <span class='ocrx_word' id='word_1_136' title='bbox 584 2046 761 2110; x_wconf 89' lang='lat' dir='ltr'><strong>brevissime</strong></span> <span class='ocrx_word' id='word_1_137' title='bbox 774 2050 838 2110; x_wconf 84' lang='lat' dir='ltr'><strong>heri</strong></span> <span class='ocrx_word' id='word_1_138' title='bbox 856 2052 951 2128; x_wconf 90' lang='lat' dir='ltr'><strong>potuit</strong></span> <span class='ocrx_word' id='word_1_139' title='bbox 965 2049 1105 2128; x_wconf 85' lang='lat' dir='ltr'><strong>exposui,</strong></span> <span class='ocrx_word' id='word_1_140' title='bbox 1129 2066 1187 2108; x_wconf 90' lang='lat' dir='ltr'><strong>non</strong></span> 
     </span>
     <span class='ocr_line' id='line_1_18' title="bbox 57 2143 1191 2228; baseline 0.004 -24"><span class='ocrx_word' id='word_1_141' title='bbox 57 2151 89 2204; x_wconf 93' lang='lat' dir='ltr'><strong>ut</strong></span> <span class='ocrx_word' id='word_1_142' title='bbox 110 2143 209 2204; x_wconf 88' lang='lat' dir='ltr'><strong>omnia</strong></span> <span class='ocrx_word' id='word_1_143' title='bbox 232 2144 364 2206; x_wconf 88' lang='lat' dir='ltr'><strong>dicerem</strong></span> <span class='ocrx_word' id='word_1_144' title='bbox 386 2155 532 2221; x_wconf 86' lang='lat' dir='ltr'><strong>sectatus,</strong></span> <span class='ocrx_word' id='word_1_145' title='bbox 563 2149 640 2228; x_wconf 84' lang='lat' dir='ltr'><strong>quod</strong></span> <span class='ocrx_word' id='word_1_146' title='bbox 663 2150 812 2210; x_wconf 86' lang='lat' dir='ltr'><strong>infinitum</strong></span> <span class='ocrx_word' id='word_1_147' title='bbox 831 2159 909 2223; x_wconf 88' lang='lat' dir='ltr'><strong>erat,</strong></span> <span class='ocrx_word' id='word_1_148' title='bbox 933 2149 986 2210; x_wconf 87' lang='lat' dir='ltr'><strong>sed</strong></span> <span class='ocrx_word' id='word_1_149' title='bbox 1008 2157 1040 2210; x_wconf 92' lang='lat' dir='ltr'><strong>ut</strong></span> <span class='ocrx_word' id='word_1_150' title='bbox 1062 2147 1191 2208; x_wconf 86' lang='lat' dir='ltr'><strong>maxime</strong></span> 
     </span>
     <span class='ocr_line' id='line_1_19' title="bbox 55 2247 1187 2332; baseline 0.004 -26"><span class='ocrx_word' id='word_1_151' title='bbox 55 2247 236 2310; x_wconf 86' lang='lat' dir='ltr'><strong>necessaria.</strong></span> <span class='ocrx_word' id='word_1_152' title='bbox 287 2249 410 2312; x_wconf 82' lang='lat' dir='ltr'><strong>Etiamsi</strong></span> <span class='ocrx_word' id='word_1_153' title='bbox 443 2270 514 2312; x_wconf 90' lang='lat' dir='ltr'><strong>vero</strong></span> <span class='ocrx_word' id='word_1_154' title='bbox 545 2253 582 2312; x_wconf 87' lang='lat' dir='ltr'><strong>ad</strong></span> <span class='ocrx_word' id='word_1_155' title='bbox 620 2261 719 2314; x_wconf 87' lang='lat' dir='ltr'><strong>cetere</strong></span> <span class='ocrx_word' id='word_1_156' title='bbox 749 2269 867 2332; x_wconf 87' lang='lat' dir='ltr'><strong>quoque</strong></span> <span class='ocrx_word' id='word_1_157' title='bbox 894 2271 1007 2314; x_wconf 88' lang='lat' dir='ltr'><strong>summa</strong></span> <span class='ocrx_word' id='word_1_158' title='bbox 1038 2248 1187 2310; x_wconf 87' lang='lat' dir='ltr'><strong>industria</strong></span> 
     </span>
     <span class='ocr_line' id='line_1_20' title="bbox 56 2350 1188 2432; baseline 0 -23"><span class='ocrx_word' id='word_1_159' title='bbox 56 2367 153 2429; x_wconf 84' lang='lat' dir='ltr'><strong>usque</strong></span> <span class='ocrx_word' id='word_1_160' title='bbox 175 2350 341 2412; x_wconf 88' lang='lat' dir='ltr'><strong>adhihenda</strong></span> <span class='ocrx_word' id='word_1_161' title='bbox 364 2353 419 2425; x_wconf 91' lang='lat' dir='ltr'><strong>sit,</strong></span> <span class='ocrx_word' id='word_1_162' title='bbox 444 2361 540 2414; x_wconf 88' lang='lat' dir='ltr'><strong>tamen</strong></span> <span class='ocrx_word' id='word_1_163' title='bbox 561 2354 639 2415; x_wconf 91' lang='lat' dir='ltr'><strong>huuc</strong></span> <span class='ocrx_word' id='word_1_164' title='bbox 663 2354 852 2432; x_wconf 86' lang='lat' dir='ltr'><strong>potissimum</strong></span> <span class='ocrx_word' id='word_1_165' title='bbox 876 2367 1188 2431; x_wconf 85' lang='lat' dir='ltr'><strong>campumrervagen-</strong></span> 
     </span>
     <span class='ocr_line' id='line_1_21' title="bbox 57 2451 1187 2534; baseline -0.004 -20"><span class='ocrx_word' id='word_1_166' title='bbox 57 2456 129 2516; x_wconf 89' lang='lat' dir='ltr'><strong>duta</strong></span> <span class='ocrx_word' id='word_1_167' title='bbox 153 2455 325 2516; x_wconf 87' lang='lat' dir='ltr'><strong>censuimus</strong></span> <span class='ocrx_word' id='word_1_168' title='bbox 355 2475 424 2518; x_wconf 90' lang='lat' dir='ltr'><strong>cum</strong></span> <span class='ocrx_word' id='word_1_169' title='bbox 446 2457 477 2517; x_wconf 93' lang='lat' dir='ltr'><strong>in</strong></span> <span class='ocrx_word' id='word_1_170' title='bbox 502 2473 536 2518; x_wconf 91' lang='lat' dir='ltr'><strong>eo</strong></span> <span class='ocrx_word' id='word_1_171' title='bbox 566 2457 671 2516; x_wconf 89' lang='lat' dir='ltr'><strong>liceret</strong></span> <span class='ocrx_word' id='word_1_172' title='bbox 694 2456 829 2534; x_wconf 85' lang='lat' dir='ltr'><strong>proxime</strong></span> <span class='ocrx_word' id='word_1_173' title='bbox 860 2453 1009 2532; x_wconf 83' lang='lat' dir='ltr'><strong>scriptori</strong></span> <span class='ocrx_word' id='word_1_174' title='bbox 1028 2451 1187 2512; x_wconf 81' lang='lat' dir='ltr'><strong>accedere-</strong></span> 
     </span>
     <span class='ocr_line' id='line_1_22' title="bbox 56 2551 1186 2638; baseline -0.004 -22"><span class='ocrx_word' id='word_1_175' title='bbox 56 2576 123 2618; x_wconf 89' lang='lat' dir='ltr'><strong>mus</strong></span> <span class='ocrx_word' id='word_1_176' title='bbox 147 2557 225 2618; x_wconf 89' lang='lat' dir='ltr'><strong>uade</strong></span> <span class='ocrx_word' id='word_1_177' title='bbox 249 2557 365 2619; x_wconf 78' lang='lat' dir='ltr'><strong>facilius</strong></span> <span class='ocrx_word' id='word_1_178' title='bbox 389 2559 510 2620; x_wconf 88' lang='lat' dir='ltr'><strong>omnino</strong></span> <span class='ocrx_word' id='word_1_179' title='bbox 533 2559 605 2638; x_wconf 87' lang='lat' dir='ltr'><strong>quid</strong></span> <span class='ocrx_word' id='word_1_180' title='bbox 629 2559 687 2620; x_wconf 90' lang='lat' dir='ltr'><strong>sihi</strong></span> <span class='ocrx_word' id='word_1_181' title='bbox 711 2559 839 2620; x_wconf 88' lang='lat' dir='ltr'><strong>voluerit</strong></span> <span class='ocrx_word' id='word_1_182' title='bbox 866 2555 1000 2632; x_wconf 84' lang='lat' dir='ltr'><strong>intellegi</strong></span> <span class='ocrx_word' id='word_1_183' title='bbox 1028 2571 1118 2630; x_wconf 86' lang='lat' dir='ltr'><strong>posse</strong></span> <span class='ocrx_word' id='word_1_184' title='bbox 1140 2551 1186 2612; x_wconf 91' lang='lat' dir='ltr'><strong>vi-</strong></span> 
     </span>
     <span class='ocr_line' id='line_1_23' title="bbox 55 2654 1185 2743; baseline -0.005 -21"><span class='ocrx_word' id='word_1_185' title='bbox 55 2661 171 2722; x_wconf 90' lang='lat' dir='ltr'><strong>deatur.</strong></span> <span class='ocrx_word' id='word_1_186' title='bbox 221 2661 256 2724; x_wconf 93' lang='lat' dir='ltr'><strong>lu</strong></span> <span class='ocrx_word' id='word_1_187' title='bbox 286 2663 424 2724; x_wconf 89' lang='lat' dir='ltr'><strong>omnihus</strong></span> <span class='ocrx_word' id='word_1_188' title='bbox 447 2671 545 2724; x_wconf 87' lang='lat' dir='ltr'><strong>eutem</strong></span> <span class='ocrx_word' id='word_1_189' title='bbox 577 2682 650 2743; x_wconf 87' lang='lat' dir='ltr'><strong>quae</strong></span> <span class='ocrx_word' id='word_1_190' title='bbox 680 2662 818 2742; x_wconf 90' lang='lat' dir='ltr'><strong>proponit</strong></span> <span class='ocrx_word' id='word_1_191' title='bbox 853 2654 1039 2740; x_wconf 88' lang='lat' dir='ltr'><strong>quantumvis</strong></span> <span class='ocrx_word' id='word_1_192' title='bbox 1068 2655 1104 2716; x_wconf 92' lang='lat' dir='ltr'><strong>ad</strong></span> <span class='ocrx_word' id='word_1_193' title='bbox 1135 2672 1185 2716; x_wconf 87' lang='lat' dir='ltr'><strong>res</strong></span> 
     </span>
     <span class='ocr_line' id='line_1_24' title="bbox 55 2757 1185 2852; baseline -0.005 -28"><span class='ocrx_word' id='word_1_194' title='bbox 55 2764 199 2844; x_wconf 86' lang='lat' dir='ltr'><strong>quasdam</strong></span> <span class='ocrx_word' id='word_1_195' title='bbox 221 2763 353 2839; x_wconf 82' lang='lat' dir='ltr'><strong>singulas</strong></span> <span class='ocrx_word' id='word_1_196' title='bbox 377 2766 552 2844; x_wconf 89' lang='lat' dir='ltr'><strong>applicanda</strong></span> <span class='ocrx_word' id='word_1_197' title='bbox 575 2767 653 2839; x_wconf 88' lang='lat' dir='ltr'><strong>siat,</strong></span> <span class='ocrx_word' id='word_1_198' title='bbox 678 2785 788 2844; x_wconf 86' lang='lat' dir='ltr'><strong>genera</strong></span> <span class='ocrx_word' id='word_1_199' title='bbox 803 2773 901 2825; x_wconf 88' lang='lat' dir='ltr'><strong>tamen</strong></span> <span class='ocrx_word' id='word_1_200' title='bbox 919 2761 1056 2852; x_wconf 86' lang='lat' dir='ltr'><strong>universa</strong></span> <span class='ocrx_word' id='word_1_201' title='bbox 1072 2757 1185 2819; x_wconf 89' lang='lat' dir='ltr'><strong>doctri-</strong></span> 
     </span>
     <span class='ocr_line' id='line_1_25' title="bbox 56 2867 1186 2947; baseline -0.004 -20"><span class='ocrx_word' id='word_1_202' title='bbox 56 2885 161 2928; x_wconf 87' lang='lat' dir='ltr'><strong>narum</strong></span> <span class='ocrx_word' id='word_1_203' title='bbox 183 2885 302 2947; x_wconf 87' lang='lat' dir='ltr'><strong>quoquo</strong></span> <span class='ocrx_word' id='word_1_204' title='bbox 326 2876 459 2947; x_wconf 89' lang='lat' dir='ltr'><strong>tempore</strong></span> <span class='ocrx_word' id='word_1_205' title='bbox 481 2869 711 2946; x_wconf 87' lang='lat' dir='ltr'><strong>repetendarum</strong></span> <span class='ocrx_word' id='word_1_206' title='bbox 734 2870 772 2930; x_wconf 85' lang='lat' dir='ltr'><strong>ita</strong></span> <span class='ocrx_word' id='word_1_207' title='bbox 786 2867 917 2928; x_wconf 87' lang='lat' dir='ltr'><strong>dilucide</strong></span> <span class='ocrx_word' id='word_1_208' title='bbox 933 2872 1093 2927; x_wconf 88' lang='lat' dir='ltr'><strong>cernuntur</strong></span> <span class='ocrx_word' id='word_1_209' title='bbox 1110 2881 1186 2942; x_wconf 85' lang='lat' dir='ltr'><strong>quo·</strong></span> 
     </span>
     <span class='ocr_line' id='line_1_26' title="bbox 56 2963 1185 3047; baseline -0.002 -21"><span class='ocrx_word' id='word_1_210' title='bbox 56 2965 145 3026; x_wconf 91' lang='lat' dir='ltr'><strong>modo</strong></span> <span class='ocrx_word' id='word_1_211' title='bbox 169 2974 201 3027; x_wconf 94' lang='lat' dir='ltr'><strong>ut</strong></span> <span class='ocrx_word' id='word_1_212' title='bbox 223 2985 289 3028; x_wconf 92' lang='lat' dir='ltr'><strong>cum</strong></span> <span class='ocrx_word' id='word_1_213' title='bbox 314 2967 450 3045; x_wconf 87' lang='lat' dir='ltr'><strong>sapiente</strong></span> <span class='ocrx_word' id='word_1_214' title='bbox 468 2969 574 3047; x_wconf 88' lang='lat' dir='ltr'><strong>loquar</strong></span> <span class='ocrx_word' id='word_1_215' title='bbox 594 2967 669 3028; x_wconf 88' lang='lat' dir='ltr'><strong>mala</strong></span> <span class='ocrx_word' id='word_1_216' title='bbox 689 2985 777 3026; x_wconf 86' lang='lat' dir='ltr'><strong>aurea</strong></span> <span class='ocrx_word' id='word_1_217' title='bbox 792 2967 821 3024; x_wconf 92' lang='lat' dir='ltr'><strong>ia</strong></span> <span class='ocrx_word' id='word_1_218' title='bbox 838 2974 961 3041; x_wconf 88' lang='lat' dir='ltr'><strong>argento</strong></span> <span class='ocrx_word' id='word_1_219' title='bbox 979 2963 1185 3036; x_wconf 79' lang='lat' dir='ltr'><strong>reticulato*l;</strong></span> 
     </span>
     <span class='ocr_line' id='line_1_27' title="bbox 56 3065 1183 3148; baseline -0.002 -21"><span class='ocrx_word' id='word_1_220' title='bbox 56 3069 118 3128; x_wconf 90' lang='lat' dir='ltr'><strong>imo</strong></span> <span class='ocrx_word' id='word_1_221' title='bbox 134 3068 216 3146; x_wconf 87' lang='lat' dir='ltr'><strong>ipsae</strong></span> <span class='ocrx_word' id='word_1_222' title='bbox 239 3069 373 3148; x_wconf 88' lang='lat' dir='ltr'><strong>argentei</strong></span> <span class='ocrx_word' id='word_1_223' title='bbox 397 3070 496 3148; x_wconf 92' lang='lat' dir='ltr'><strong>operis</strong></span> <span class='ocrx_word' id='word_1_224' title='bbox 520 3070 665 3148; x_wconf 83' lang='lat' dir='ltr'><strong>imagines</strong></span> <span class='ocrx_word' id='word_1_225' title='bbox 688 3068 808 3146; x_wconf 87' lang='lat' dir='ltr'><strong>perviae</strong></span> <span class='ocrx_word' id='word_1_226' title='bbox 830 3076 901 3128; x_wconf 90' lang='lat' dir='ltr'><strong>sunt</strong></span> <span class='ocrx_word' id='word_1_227' title='bbox 931 3065 1083 3145; x_wconf 85' lang='lat' dir='ltr'><strong>splendori</strong></span> <span class='ocrx_word' id='word_1_228' title='bbox 1107 3065 1183 3126; x_wconf 88' lang='lat' dir='ltr'><strong>auri.</strong></span> 
     </span>
     <span class='ocr_line' id='line_1_28' title="bbox 55 3166 1184 3249; baseline 0 -21"><span class='ocrx_word' id='word_1_229' title='bbox 55 3169 97 3228; x_wconf 82' lang='lat' dir='ltr'><strong>Ex</strong></span> <span class='ocrx_word' id='word_1_230' title='bbox 120 3166 169 3228; x_wconf 88' lang='lat' dir='ltr'><strong>illa</strong></span> <span class='ocrx_word' id='word_1_231' title='bbox 190 3187 261 3230; x_wconf 91' lang='lat' dir='ltr'><strong>vero</strong></span> <span class='ocrx_word' id='word_1_232' title='bbox 283 3169 363 3230; x_wconf 90' lang='lat' dir='ltr'><strong>varia</strong></span> <span class='ocrx_word' id='word_1_233' title='bbox 384 3171 606 3249; x_wconf 86' lang='lat' dir='ltr'><strong>prophetiarum</strong></span> <span class='ocrx_word' id='word_1_234' title='bbox 628 3171 774 3232; x_wconf 90' lang='lat' dir='ltr'><strong>sententia</strong></span> <span class='ocrx_word' id='word_1_235' title='bbox 792 3170 920 3232; x_wconf 84' lang='lat' dir='ltr'><strong>allicitur</strong></span> <span class='ocrx_word' id='word_1_236' title='bbox 943 3177 975 3230; x_wconf 91' lang='lat' dir='ltr'><strong>ut</strong></span> <span class='ocrx_word' id='word_1_237' title='bbox 995 3167 1097 3228; x_wconf 86' lang='lat' dir='ltr'><strong>dicere</strong></span> <span class='ocrx_word' id='word_1_238' title='bbox 1112 3185 1184 3244; x_wconf 86' lang='lat' dir='ltr'><strong>pos-</strong></span> 
     </span>
     <span class='ocr_line' id='line_1_29' title="bbox 55 3267 1184 3348; baseline -0.003 -18"><span class='ocrx_word' id='word_1_239' title='bbox 55 3270 151 3330; x_wconf 89' lang='lat' dir='ltr'><strong>simus</strong></span> <span class='ocrx_word' id='word_1_240' title='bbox 175 3288 241 3331; x_wconf 88' lang='lat' dir='ltr'><strong>cam</strong></span> <span class='ocrx_word' id='word_1_241' title='bbox 263 3271 511 3348; x_wconf 75' lang='lat' dir='ltr'><strong>hengstenhorgo</strong></span> <span class='ocrx_word' id='word_1_242' title='bbox 534 3271 601 3345; x_wconf 86' lang='lat' dir='ltr'><strong>(Er.</strong></span> <span class='ocrx_word' id='word_1_243' title='bbox 620 3271 652 3333; x_wconf 89' lang='lat' dir='ltr'><strong>ll.</strong></span> <span class='ocrx_word' id='word_1_244' title='bbox 670 3271 700 3331; x_wconf 87' lang='lat' dir='ltr'><strong>Z.</strong></span> <span class='ocrx_word' id='word_1_245' title='bbox 728 3269 819 3332; x_wconf 80' lang='lat'><strong>1833.</strong></span> <span class='ocrx_word' id='word_1_246' title='bbox 844 3289 873 3348; x_wconf 90' lang='lat' dir='ltr'><strong>p.</strong></span> <span class='ocrx_word' id='word_1_247' title='bbox 892 3268 986 3344; x_wconf 68' lang='lat' dir='ltr'><strong>etta:</strong></span> <span class='ocrx_word' id='word_1_248' title='bbox 1009 3267 1112 3330; x_wconf 89' lang='lat' dir='ltr'><strong>Niehts</strong></span> <span class='ocrx_word' id='word_1_249' title='bbox 1135 3285 1184 3328; x_wconf 86' lang='lat' dir='ltr'><strong>er·</strong></span> 
     </span>
     <span class='ocr_line' id='line_1_30' title="bbox 54 3371 1183 3470; baseline -0.003 -36"><span class='ocrx_word' id='word_1_250' title='bbox 54 3371 173 3434; x_wconf 90' lang='lat' dir='ltr'><strong>scheiut</strong></span> <span class='ocrx_word' id='word_1_251' title='bbox 194 3389 250 3432; x_wconf 89' lang='lat' dir='ltr'><strong>uns</strong></span> <span class='ocrx_word' id='word_1_252' title='bbox 274 3373 359 3434; x_wconf 91' lang='lat' dir='ltr'><strong>mehr</strong></span> <span class='ocrx_word' id='word_1_253' title='bbox 380 3373 423 3434; x_wconf 87' lang='lat' dir='ltr'><strong>als</strong></span> <span class='ocrx_word' id='word_1_254' title='bbox 448 3373 513 3434; x_wconf 89' lang='lat' dir='ltr'><strong>reia</strong></span> <span class='ocrx_word' id='word_1_255' title='bbox 537 3391 723 3450; x_wconf 86' lang='lat' dir='ltr'><strong>vergaugen,</strong></span> <span class='ocrx_word' id='word_1_256' title='bbox 747 3373 844 3434; x_wconf 88' lang='lat' dir='ltr'><strong>aichts</strong></span> <span class='ocrx_word' id='word_1_257' title='bbox 862 3374 907 3434; x_wconf 89' lang='lat' dir='ltr'><strong>als</strong></span> <span class='ocrx_word' id='word_1_258' title='bbox 930 3371 1183 3470; x_wconf 24' lang='lat' dir='ltr'><strong>reinvzuht&#39;rnitig,</strong></span> 
     </span>
    </p>
   </div>
   <div class='ocr_carea' id='block_1_5' title="bbox 60 3509 266 3520">
    <p class='ocr_par' dir='ltr' id='par_1_5' title="bbox 60 3509 266 3520">
     <span class='ocr_line' id='line_1_31' title="bbox 60 3509 266 3520; baseline -0.01 0"><span class='ocrx_word' id='word_1_259' title='bbox 60 3509 266 3520; x_wconf 69' lang='grc' dir='ltr'>..ι-ι-ι-ι-ιι-ι</span> 
     </span>
    </p>
   </div>
   <div class='ocr_carea' id='block_1_6' title="bbox 157 3505 1182 3628">
    <p class='ocr_par' dir='ltr' id='par_1_6' title="bbox 157 3505 1182 3628">
     <span class='ocr_line' id='line_1_32' title="bbox 157 3505 1182 3628; baseline -0.012 -19"><span class='ocrx_word' id='word_1_260' title='bbox 157 3556 180 3622; x_wconf 71' lang='lat' dir='ltr'><strong>*a</strong></span> <span class='ocrx_word' id='word_1_261' title='bbox 199 3558 267 3608; x_wconf 69' lang='lat' dir='ltr'><strong>aaa.</strong></span> <span class='ocrx_word' id='word_1_262' title='bbox 287 3559 352 3608; x_wconf 90' lang='grc' dir='ltr'>ιιι.</span> <span class='ocrx_word' id='word_1_263' title='bbox 373 3560 419 3608; x_wconf 88' lang='lat' dir='ltr'><strong>u:</strong></span> <span class='ocrx_word' id='word_1_264' title='bbox 438 3505 521 3606; x_wconf 54' lang='lat' dir='ltr'><strong>arasa</strong></span> <span class='ocrx_word' id='word_1_265' title='bbox 540 3537 579 3604; x_wconf 74' lang='lat' dir='ltr'><strong>br</strong></span> <span class='ocrx_word' id='word_1_266' title='bbox 595 3553 657 3605; x_wconf 89' lang='grc' dir='ltr'><strong>ιιι</strong></span> <span class='ocrx_word' id='word_1_267' title='bbox 673 3552 734 3604; x_wconf 89' lang='grc' dir='ltr'><strong>ιιι</strong></span> <span class='ocrx_word' id='word_1_268' title='bbox 753 3551 816 3628; x_wconf 68' lang='lat' dir='ltr'><strong>nea</strong></span> <span class='ocrx_word' id='word_1_269' title='bbox 837 3551 985 3602; x_wconf 60' lang='grc' dir='ltr'>ιιιιιιιιι</span> <span class='ocrx_word' id='word_1_270' title='bbox 1001 3550 1062 3604; x_wconf 84' lang='grc' dir='ltr'><strong>ιιι</strong></span> <span class='ocrx_word' id='word_1_271' title='bbox 1076 3551 1182 3600; x_wconf 62' lang='lat' dir='ltr'><strong>aaron.</strong></span> 
     </span>
    </p>
   </div>
   <div class='ocr_carea' id='block_1_7' title="bbox 53 3640 1184 3875">
    <p class='ocr_par' dir='ltr' id='par_1_7' title="bbox 53 3640 1184 3875">
     <span class='ocr_line' id='line_1_33' title="bbox 54 3640 1184 3706; baseline -0.004 -14"><span class='ocrx_word' id='word_1_272' title='bbox 54 3643 112 3692; x_wconf 84' lang='lat' dir='ltr'><strong>llala</strong></span> <span class='ocrx_word' id='word_1_273' title='bbox 135 3642 185 3692; x_wconf 92' lang='lat' dir='ltr'><strong>auri</strong></span> <span class='ocrx_word' id='word_1_274' title='bbox 206 3657 259 3691; x_wconf 91' lang='lat' dir='ltr'><strong>cum</strong></span> <span class='ocrx_word' id='word_1_275' title='bbox 278 3643 360 3704; x_wconf 83' lang='lat' dir='ltr'><strong>liguris</strong></span> <span class='ocrx_word' id='word_1_276' title='bbox 378 3643 481 3706; x_wconf 81' lang='lat' dir='ltr'><strong>argenti:</strong></span> <span class='ocrx_word' id='word_1_277' title='bbox 505 3645 600 3693; x_wconf 87' lang='lat' dir='ltr'><strong>verbum</strong></span> <span class='ocrx_word' id='word_1_278' title='bbox 619 3644 707 3694; x_wconf 90' lang='lat' dir='ltr'><strong>dictum</strong></span> <span class='ocrx_word' id='word_1_279' title='bbox 730 3642 754 3692; x_wconf 90' lang='lat' dir='ltr'><strong>in</strong></span> <span class='ocrx_word' id='word_1_280' title='bbox 780 3643 859 3692; x_wconf 85' lang='lat' dir='ltr'><strong>modis</strong></span> <span class='ocrx_word' id='word_1_281' title='bbox 887 3643 939 3692; x_wconf 85' lang='lat' dir='ltr'><strong>suis</strong></span> <span class='ocrx_word' id='word_1_282' title='bbox 960 3643 983 3691; x_wconf 93' lang='lat' dir='ltr'><strong>h.</strong></span> <span class='ocrx_word' id='word_1_283' title='bbox 1003 3658 1024 3692; x_wconf 87' lang='lat' dir='ltr'><strong>e.</strong></span> <span class='ocrx_word' id='word_1_284' title='bbox 1052 3640 1184 3690; x_wconf 88' lang='lat' dir='ltr'><strong>secundum</strong></span> 
     </span>
     <span class='ocr_line' id='line_1_34' title="bbox 53 3725 1184 3792; baseline 0 -19"><span class='ocrx_word' id='word_1_285' title='bbox 53 3727 140 3774; x_wconf 85' lang='lat' dir='ltr'><strong>variam</strong></span> <span class='ocrx_word' id='word_1_286' title='bbox 160 3740 226 3774; x_wconf 89' lang='lat' dir='ltr'><strong>suam</strong></span> <span class='ocrx_word' id='word_1_287' title='bbox 248 3726 395 3776; x_wconf 84' lang='lat' dir='ltr'><strong>sententiam.</strong></span> <span class='ocrx_word' id='word_1_288' title='bbox 432 3725 499 3784; x_wconf 86' lang='lat' dir='ltr'><strong>Quod</strong></span> <span class='ocrx_word' id='word_1_289' title='bbox 520 3728 576 3776; x_wconf 91' lang='lat' dir='ltr'><strong>dum</strong></span> <span class='ocrx_word' id='word_1_290' title='bbox 596 3727 714 3777; x_wconf 88' lang='lat' dir='ltr'><strong>incassum</strong></span> <span class='ocrx_word' id='word_1_291' title='bbox 733 3727 855 3777; x_wconf 87' lang='lat' dir='ltr'><strong>studerent</strong></span> <span class='ocrx_word' id='word_1_292' title='bbox 873 3727 990 3792; x_wconf 87' lang='lat' dir='ltr'><strong>explicare</strong></span> <span class='ocrx_word' id='word_1_293' title='bbox 1010 3731 1184 3776; x_wconf 88' lang='lat' dir='ltr'><strong>commentato-</strong></span> 
     </span>
     <span class='ocr_line' id='line_1_35' title="bbox 53 3808 1184 3875; baseline -0.006 -14"><span class='ocrx_word' id='word_1_294' title='bbox 53 3827 107 3870; x_wconf 87' lang='lat' dir='ltr'><strong>res,</strong></span> <span class='ocrx_word' id='word_1_295' title='bbox 134 3811 227 3871; x_wconf 79' lang='lat' dir='ltr'><strong>egregie</strong></span> <span class='ocrx_word' id='word_1_296' title='bbox 247 3811 356 3860; x_wconf 87' lang='lat' dir='ltr'><strong>enodavit</strong></span> <span class='ocrx_word' id='word_1_297' title='bbox 376 3811 530 3862; x_wconf 87' lang='lat' dir='ltr'><strong>llaimooides</strong></span> <span class='ocrx_word' id='word_1_298' title='bbox 558 3811 581 3860; x_wconf 90' lang='lat' dir='ltr'><strong>in</strong></span> <span class='ocrx_word' id='word_1_299' title='bbox 601 3813 689 3860; x_wconf 91' lang='lat' dir='ltr'><strong>iatrod.</strong></span> <span class='ocrx_word' id='word_1_300' title='bbox 727 3811 793 3860; x_wconf 84' lang='lat' dir='ltr'><strong>[loct.</strong></span> <span class='ocrx_word' id='word_1_301' title='bbox 814 3811 890 3875; x_wconf 86' lang='lat' dir='ltr'><strong>perpl.</strong></span> <span class='ocrx_word' id='word_1_302' title='bbox 919 3811 1082 3871; x_wconf 81' lang='lat' dir='ltr'><strong>Significatum</strong></span> <span class='ocrx_word' id='word_1_303' title='bbox 1099 3808 1184 3856; x_wconf 88' lang='lat' dir='ltr'><strong>verho-</strong></span> 
     </span>
    </p>
   </div>
   <div class='ocr_carea' id='block_1_8' title="bbox 53 3895 1184 3976">
    <p class='ocr_par' dir='ltr' id='par_1_8' title="bbox 53 3895 1184 3976">
     <span class='ocr_line' id='line_1_36' title="bbox 53 3895 1184 3976; baseline 0 -12"><span class='ocrx_word' id='word_1_304' title='bbox 53 3931 105 3966; x_wconf 88' lang='lat' dir='ltr'><strong>rum</strong></span> <span class='ocrx_word' id='word_1_305' title='bbox 124 3911 208 3959; x_wconf 56' lang='lat' dir='ltr'><strong>tlibi&lt;</strong></span> <span class='ocrx_word' id='word_1_306' title='bbox 230 3895 270 3960; x_wconf 63' lang='lat'><strong>¹99</strong></span> <span class='ocrx_word' id='word_1_307' title='bbox 289 3917 398 3976; x_wconf 87' lang='lat' dir='ltr'><strong>cognovit</strong></span> <span class='ocrx_word' id='word_1_308' title='bbox 416 3917 487 3965; x_wconf 88' lang='lat' dir='ltr'><strong>etiam</strong></span> <span class='ocrx_word' id='word_1_309' title='bbox 506 3917 532 3964; x_wconf 82' lang='lat' dir='ltr'><strong>E.</strong></span> <span class='ocrx_word' id='word_1_310' title='bbox 545 3914 644 3965; x_wconf 84' lang='lat' dir='ltr'><strong>Meierus</strong></span> <span class='ocrx_word' id='word_1_311' title='bbox 664 3915 688 3964; x_wconf 92' lang='lat' dir='ltr'><strong>in</strong></span> <span class='ocrx_word' id='word_1_312' title='bbox 701 3913 943 3964; x_wconf 83' lang='lat' dir='ltr'><strong>Wurzehvorterhuch</strong></span> <span class='ocrx_word' id='word_1_313' title='bbox 961 3927 984 3975; x_wconf 89' lang='lat' dir='ltr'><strong>p.</strong></span> <span class='ocrx_word' id='word_1_314' title='bbox 1002 3910 1060 3962; x_wconf 79' lang='lat'><strong>278.</strong></span> <span class='ocrx_word' id='word_1_315' title='bbox 1097 3907 1184 3964; x_wconf 64' lang='lat' dir='ltr'><strong>Quam·</strong></span> 
     </span>
    </p>
   </div>
   <div class='ocr_carea' id='block_1_9' title="bbox 53 4009 1256 4164">
    <p class='ocr_par' dir='ltr' id='par_1_9' title="bbox 53 4009 1256 4164">
     <span class='ocr_line' id='line_1_37' title="bbox 53 4009 1256 4080; baseline -0.013 -12"><span class='ocrx_word' id='word_1_316' title='bbox 53 4020 89 4068; x_wconf 88' lang='lat' dir='ltr'><strong>ris</strong></span> <span class='ocrx_word' id='word_1_317' title='bbox 108 4015 195 4062; x_wconf 51' lang='lat' dir='ltr'><strong>diluti</strong></span> <span class='ocrx_word' id='word_1_318' title='bbox 214 4015 243 4066; x_wconf 89' lang='lat' dir='ltr'><strong>ad</strong></span> <span class='ocrx_word' id='word_1_319' title='bbox 263 4029 386 4065; x_wconf 89' lang='lat' dir='ltr'><strong>aumemm</strong></span> <span class='ocrx_word' id='word_1_320' title='bbox 405 4017 520 4080; x_wconf 88' lang='lat' dir='ltr'><strong>pluralem</strong></span> <span class='ocrx_word' id='word_1_321' title='bbox 544 4017 628 4066; x_wconf 87' lang='lat' dir='ltr'><strong>reterri</strong></span> <span class='ocrx_word' id='word_1_322' title='bbox 649 4013 740 4079; x_wconf 87' lang='lat' dir='ltr'><strong>possit,</strong></span> <span class='ocrx_word' id='word_1_323' title='bbox 770 4015 855 4065; x_wconf 88' lang='lat' dir='ltr'><strong>Gesen.</strong></span> <span class='ocrx_word' id='word_1_324' title='bbox 876 4012 990 4074; x_wconf 84' lang='lat' dir='ltr'><strong>hehrgeb.</strong></span> <span class='ocrx_word' id='word_1_325' title='bbox 1009 4025 1033 4074; x_wconf 91' lang='lat' dir='ltr'><strong>p.</strong></span> <span class='ocrx_word' id='word_1_326' title='bbox 1054 4009 1129 4065; x_wconf 69' lang='lat' dir='ltr'><strong>hid,</strong></span> <span class='ocrx_word' id='word_1_327' title='bbox 1149 4014 1185 4054; x_wconf 84' lang='lat' dir='ltr'><strong>ta·</strong></span> <span class='ocrx_word' id='word_1_328' title='bbox 1254 4033 1256 4036; x_wconf 96' lang='lat'>-</span> 
     </span>
     <span class='ocr_line' id='line_1_38' title="bbox 53 4067 1184 4164; baseline -0.016 -10"><span class='ocrx_word' id='word_1_329' title='bbox 53 4118 122 4164; x_wconf 87' lang='lat' dir='ltr'><strong>mee,</strong></span> <span class='ocrx_word' id='word_1_330' title='bbox 139 4067 249 4150; x_wconf 54' lang='lat' dir='ltr'><strong>&#39;mairinac</strong></span> <span class='ocrx_word' id='word_1_331' title='bbox 267 4100 287 4148; x_wconf 90' lang='lat' dir='ltr'><strong>si</strong></span> <span class='ocrx_word' id='word_1_332' title='bbox 308 4101 457 4150; x_wconf 80' lang='lat' dir='ltr'><strong>llaimoaidis</strong></span> <span class='ocrx_word' id='word_1_333' title='bbox 475 4101 640 4164; x_wconf 87' lang='lat' dir='ltr'><strong>explicationis</strong></span> <span class='ocrx_word' id='word_1_334' title='bbox 668 4099 823 4158; x_wconf 82' lang='lat' dir='ltr'><strong>memineris,</strong></span> <span class='ocrx_word' id='word_1_335' title='bbox 850 4103 1002 4162; x_wconf 77' lang='lat' dir='ltr'><strong>punctatores</strong></span> <span class='ocrx_word' id='word_1_336' title='bbox 1027 4107 1055 4143; x_wconf 85' lang='lat' dir='ltr'><strong>eo</strong></span> <span class='ocrx_word' id='word_1_337' title='bbox 1080 4087 1184 4140; x_wconf 82' lang='lat' dir='ltr'><strong>coasilio</strong></span> 
     </span>
    </p>
   </div>
   <div class='ocr_carea' id='block_1_10' title="bbox 52 4181 1184 4464">
    <p class='ocr_par' dir='ltr' id='par_1_10' title="bbox 52 4181 1184 4464">
     <span class='ocr_line' id='line_1_39' title="bbox 52 4181 1183 4277; baseline -0.011 -21"><span class='ocrx_word' id='word_1_338' title='bbox 52 4221 103 4256; x_wconf 87' lang='lat' dir='ltr'><strong>non</strong></span> <span class='ocrx_word' id='word_1_339' title='bbox 129 4199 217 4277; x_wconf 48' lang='lat'><strong>”353</strong></span> <span class='ocrx_word' id='word_1_340' title='bbox 241 4204 342 4252; x_wconf 85' lang='lat' dir='ltr'><strong>termam</strong></span> <span class='ocrx_word' id='word_1_341' title='bbox 369 4200 496 4264; x_wconf 82' lang='lat' dir='ltr'><strong>legitimam</strong></span> <span class='ocrx_word' id='word_1_342' title='bbox 521 4203 628 4252; x_wconf 86' lang='lat' dir='ltr'><strong>vocabuli</strong></span> <span class='ocrx_word' id='word_1_343' title='bbox 656 4186 713 4272; x_wconf 57' lang='lat' dir='ltr'><strong>igit</strong></span> <span class='ocrx_word' id='word_1_344' title='bbox 729 4207 754 4250; x_wconf 91' lang='lat' dir='ltr'><strong>et</strong></span> <span class='ocrx_word' id='word_1_345' title='bbox 771 4182 871 4273; x_wconf 52' lang='lat' dir='ltr'><strong>”1²22ss</strong></span> <span class='ocrx_word' id='word_1_346' title='bbox 895 4181 1014 4267; x_wconf 60' lang='grc' dir='ltr'>ιιῇῄ),</span> <span class='ocrx_word' id='word_1_347' title='bbox 1033 4194 1076 4274; x_wconf 79' lang='lat' dir='ltr'><strong>aad</strong></span> <span class='ocrx_word' id='word_1_348' title='bbox 1096 4187 1183 4266; x_wconf 48' lang='lat' dir='ltr'><strong>iiiiii}</strong></span> 
     </span>
     <span class='ocr_line' id='line_1_40' title="bbox 53 4277 1184 4358; baseline -0.018 -16"><span class='ocrx_word' id='word_1_349' title='bbox 53 4292 135 4358; x_wconf 87' lang='lat' dir='ltr'><strong>potios</strong></span> <span class='ocrx_word' id='word_1_350' title='bbox 153 4289 284 4354; x_wconf 77' lang='lat' dir='ltr'><strong>scripsisse</strong></span> <span class='ocrx_word' id='word_1_351' title='bbox 301 4286 410 4338; x_wconf 83' lang='lat' dir='ltr'><strong>censebis</strong></span> <span class='ocrx_word' id='word_1_352' title='bbox 429 4295 454 4337; x_wconf 90' lang='lat' dir='ltr'><strong>ut</strong></span> <span class='ocrx_word' id='word_1_353' title='bbox 469 4288 560 4338; x_wconf 87' lang='lat' dir='ltr'><strong>maiore</strong></span> <span class='ocrx_word' id='word_1_354' title='bbox 578 4289 729 4351; x_wconf 88' lang='lat' dir='ltr'><strong>correptione</strong></span> <span class='ocrx_word' id='word_1_355' title='bbox 747 4284 841 4334; x_wconf 86' lang='lat' dir='ltr'><strong>dualem</strong></span> <span class='ocrx_word' id='word_1_356' title='bbox 860 4296 983 4332; x_wconf 86' lang='lat' dir='ltr'><strong>aemorum</strong></span> <span class='ocrx_word' id='word_1_357' title='bbox 1000 4285 1113 4344; x_wconf 86' lang='lat' dir='ltr'><strong>quantam</strong></span> <span class='ocrx_word' id='word_1_358' title='bbox 1131 4277 1184 4326; x_wconf 82' lang='lat' dir='ltr'><strong>ilem</strong></span> 
     </span>
     <span class='ocr_line' id='line_1_41' title="bbox 55 4380 966 4464; baseline -0.014 -17"><span class='ocrx_word' id='word_1_359' title='bbox 55 4395 135 4460; x_wconf 87' lang='lat' dir='ltr'><strong>potuit</strong></span> <span class='ocrx_word' id='word_1_360' title='bbox 161 4392 301 4446; x_wconf 82' lang='lat' dir='ltr'><strong>iudicarent.</strong></span> <span class='ocrx_word' id='word_1_361' title='bbox 336 4386 423 4464; x_wconf 55' lang='lat' dir='ltr'><strong>”313²ss</strong></span> <span class='ocrx_word' id='word_1_362' title='bbox 448 4393 476 4443; x_wconf 86' lang='lat' dir='ltr'><strong>ab</strong></span> <span class='ocrx_word' id='word_1_363' title='bbox 499 4385 593 4464; x_wconf 59' lang='lat' dir='ltr'><strong>022th</strong></span> <span class='ocrx_word' id='word_1_364' title='bbox 619 4389 682 4442; x_wconf 90' lang='lat' dir='ltr'><strong>sicut</strong></span> <span class='ocrx_word' id='word_1_365' title='bbox 705 4383 786 4462; x_wconf 62' lang='grc' dir='ltr'>Ῥξξιξ</span> <span class='ocrx_word' id='word_1_366' title='bbox 810 4387 839 4440; x_wconf 82' lang='lat' dir='ltr'><strong>ab</strong></span> <span class='ocrx_word' id='word_1_367' title='bbox 865 4380 966 4459; x_wconf 64' lang='grc' dir='ltr'><strong>ῦῖξζΐξ·</strong></span> 
     </span>
    </p>
   </div>
   <div class='ocr_carea' id='block_1_11' title="bbox 0 0 1454 5054">
    <p class='ocr_par' dir='ltr' id='par_1_11' title="bbox 0 0 1454 5054">
     <span class='ocr_line' id='line_1_42' title="bbox 0 0 1454 5054; baseline 0 4"><span class='ocrx_word' id='word_1_368' title='bbox 0 0 1454 5054; x_wconf 95' lang='lat' dir='ltr'><strong> </strong></span> 
     </span>
    </p>
   </div>
  </div>
 </body>
</html>
