2900 5054
591 389 634 458 17

48 561 174 642 τρυγῶσι
194 559 249 643 μὲν
271 559 342 638 tole
363 555 543 642 άμπελαῖνας
564 561 615 632 καί
638 561 787 638 ἒλαιῶνας
810 561 867 643 τῆν
888 592 920 632 σε
941 567 1174 650 medendam

47 662 94 728 καί
117 661 308 742 σιτοφόρου
328 665 383 748 γῆν
399 661 615 747 ἆναθερίζονσι
636 665 700 730 κτλ.
730 666 769 741 ΙΙ,
783 663 845 726 425
864 671 925 732 τῶν
941 665 975 732 δὲ
991 667 1055 736 κατ’
1077 666 1175 754 άγρδν

46 759 199 848 εδφορίαις
226 769 286 829 τῶν
311 763 539 845 ἀναγκαίων
574 771 659 832 σίτου
684 765 770 832 οἶνον
797 769 904 834 ἐλαίου
931 769 982 834 καὶ
1005 776 1068 838 τῶν
1095 771 1174 855 πρὸς

46 865 247 950 ἁβροδίαιτον
266 873 352 964 βίον,
381 870 481 935 ταῦτα
511 865 547 932 δέ
573 871 637 934 ἐστι
663 864 702 932 τά
725 866 877 952 ἀμύθητα
892 870 894 874 ’
905 872 978 955 γε’νη
999 876 1059 937 τῶν
1081 872 1174 960 άιιρο·

47 963 143 1047 δράων
156 969 206 1034 καί
223 971 269 1034 ἔτι
283 967 453 1055 βουκολέων
467 967 629 1046 admolitur,
650 971 712 1034 τῶν
725 965 827 1034 littae
842 967 1029 1053 θρεμμάτων
1040 972 1171 1042 εὐτονία.

46 1071 101 1146 (Ex
124 1073 340 1152 significatione
356 1073 412 1135 olei
434 1073 545 1134 etvini
569 1072 680 1151 patebit
702 1081 796 1134 vatem
812 1091 845 1134 ea
861 1079 893 1134 ut
915 1073 945 1135 b.
962 1073 981 1136 l.
1004 1075 1089 1138 Philo
1103 1065 1173 1143 labit

46 1174 78 1234 ad
102 1176 272 1237 necessaria
291 1176 367 1237 vitae
390 1176 586 1237 instrumenta
610 1192 805 1237 annumerare
828 1175 983 1254 nequead
1007 1195 1040 1238 ea
1063 1179 1172 1258 quibus

46 1275 161 1338 laeilios
185 1296 287 1340 carere
310 1277 429 1356 possint
450 1285 483 1338 ut
505 1277 562 1339 alio
583 1277 648 1340 loeo
672 1277 752 1338 idem
767 1276 861 1338 Philo.
877 1279 922 1350 ΙΙ,
949 1277 1027 1339 169:
1051 1275 1173 1360 σφόδρα

44 1375 98 1454 μὲν
121 1364 174 1440 οὖν
196 1373 351 1458 ἀναγκαία
368 1383 461 1460 πυροί
481 1401 513 1441 τι
531 1377 582 1444 καί
597 1377 703 1459 κριθαί
720 1378 772 1443 καὶ
793 1369 851 1444 ’άσα
874 1375 954 1444 άλλα
972 1378 1038 1464 εἴδη
1059 1389 1174 1467 τροφῆς

43 1469 83 1541 ὧν
114 1475 186 1545 άνευ
215 1480 267 1564 ζῆν
297 1479 352 1544 οὐκ
388 1479 481 1546 ἔστιν.
525 1475 652 1542 ’Ἑλαων
679 1475 713 1543 δὲ
742 1477 793 1542 uui
822 1475 904 1551 οἶνος
933 1479 985 1544 καί
1012 1477 1172 1563 άνροδράα

43 1577 108 1664 οὐχὶ
129 1583 190 1644 τῶν
211 1578 382 1658 ἀναγκαίων
402 1580 466 1646 ἐπεὶ
487 1581 538 1647 καί
560 1577 630 1665 δίχα
651 1575 767 1646 τούτων
782 1575 850 1666 άχρι
867 1577 1064 1663 μακροτάτου
1076 1579 1174 1667 γῆρως

41 1685 273 1760 παρατείναντες
294 1683 336 1756 εἷς
357 1682 520 1748 πολυετίαν
540 1682 663 1764 βιοῦσιν
683 1677 875 1764 ἄνθρωποι).
922 1684 1027 1748 Tritici
1051 1685 1171 1751 bilibris

43 1783 150 1846 eodem
181 1785 277 1863 pretio
303 1786 411 1848 emitur
435 1791 580 1865 (μιαίνει
604 1783 732 1846 bilibres
760 1783 877 1847 bordei.
921 1785 1007 1847 Pbilo
1026 1789 1069 1862 II,
1093 1786 1172 1850 3⁰9:

42 1889 188 1968 κρίθινον
211 1884 247 1952 δέ
267 1889 333 1952 ἔστι
355 1885 390 1952 ιδ
413 1883 563 1968 ἄλευρον,
582 1887 651 1965 [Nus
673 1889 705 1961 V,
731 1884 783 1962 lb]
815 1887 888 1961 ἴσως
909 1886 1016 1972 ἐπειδὴ
1035 1888 1173 1971 ’δπαμφί-

40 1985 134 2072 βολάς
158 1992 239 2054 ἐστιν
260 1988 278 2074 ῆ
303 1986 365 2055 ἀπὸ
388 1992 500 2072 κριθῆς
521 1985 686 2074 τραφῆναί
707 1982 831 2066 ἀλόγοις
854 1983 943 2062 ζώοις
962 1990 1015 2052 καί
1033 1985 1173 2074 ἆτυγὲσιν

41 2089 225 2174 ἀνθρώποις
247 2089 463 2175 ἐφαρμάζεται,
492 2089 649 2176 σύμβολον
666 2094 722 2156 τοῦ
745 2088 800 2176 τῆν
821 2087 1061 2174 μεμοιγουμίνην
1082 2088 1174 2156 οὐδὲν

38 2197 163 2277 θηρίων
185 2191 342 2274 διαφέρειν
354 2195 419 2260 κτλ.
457 2193 589 2258 Cboenix
605 2202 721 2256 tantum
738 2193 876 2255 eontinet·
888 2199 1030 2272 mantum
1046 2211 1106 2256 uno
1122 2193 1171 2256 die

39 2296 73 2356 ad
85 2295 310 2357 sustentandam
322 2295 409 2357 vitam
421 2295 530 2358 sullioit
539 2297 592 2372 (ol.
603 2297 735 2373 Wetst.),
748 2296 888 2358 denarius
900 2305 945 2358 est
956 2315 1071 2360 meroes
1082 2298 1171 2361 unius

39 2398 99 2460 diei
124 2397 187 2474 (ΙΙΙ.
205 2397 267 2472 XX,
283 2395 349 2476 2.);
373 2399 412 2459 ita
428 2397 554 2476 singulis
577 2397 686 2459 diebus
701 2399 776 2460 ratio
791 2417 843 2478 par
858 2405 922 2458 erat
939 2399 1050 2477 accepti
1069 2406 1099 2460 ot
1121 2419 1171 2460 ex·

38 2503 140 2583 pensi.
160 2537 200 2546 -
224 2501 338 2563 Notavit
360 2521 430 2563 vero
451 2500 570 2562 Aloas'ar
592 2519 621 2579 p.
644 2498 707 2559 453
731 2517 786 2561 nee
807 2497 947 2560 bilibrem
967 2517 1023 2560 noe
1041 2499 1170 2561 triticum

37 2626 94 2668 nee
113 2605 258 2667 hordeum
273 2604 383 2666 babere
399 2602 554 2665 articulum
572 2620 640 2664 oum
652 2609 749 2663 tamen
766 2610 795 2662 et
808 2599 909 2661 vinum
922 2607 951 2661 et
963 2599 1062 2662 oleum
1076 2617 1110 2660 eo
1124 2599 1172 2660 in-

38 2719 186 2773 structum
209 2709 256 2772 sit.
301 2712 348 2770 Εο
368 2727 422 2786 quo
445 2709 485 2770 ait
506 2711 601 2783 insero
624 2725 780 2768 sennonem
797 2723 859 2764 esse
882 2707 917 2762 de
936 2707 1053 2779 ουίγοεί
1075 2706 1172 2762 trition

38 2823 125 2889 atque
149 2815 273 2879 bordeo,⁸
296 2815 331 2870 de
352 2815 420 2870 otoo
443 2821 536 2869 eutem
559 2820 586 2870 et
609 2813 672 2869 oleo
694 2828 751 2866 nou
773 2811 885 2884 quidem
905 2809 1021 2882 υυίφονί
1041 2811 1092 2865 sed
1113 2810 1171 2866 siu·

36 2919 138 2992 φαίοπ·
160 2919 257 2991 atiquo
281 2924 308 2972 et
326 2915 484 2990 peculiord.
526 2911 610 2973 Idem
640 2911 866 2974 observabimus
896 2909 964 2982 vlt,
993 2909 1032 2972 14
1060 2910 1172 2992 αὐτῆς

36 3016 184 3103 θλίψεως
205 3019 259 3100 τῆς
277 3011 408 3098 μεγάλης
432 3023 462 3076 et
484 3015 520 3088 X,
542 3013 561 3074 3
585 3017 619 3077 αἱ
641 3010 718 3076 ἑπτά
739 3015 868 3094 βρονταί
887 3018 916 3070 el
929 3009 977 3082 Xl‚
996 3010 1014 3069 3
1040 3017 1101 3084 τοῖς
1119 3006 1170 3071 δυ·

35 3121 85 3185 σίν
109 3116 258 3202 μάρτυσίν
280 3142 341 3198 μου
359 3137 394 3180 aa
408 3137 435 3178 v.
453 3115 484 3180 4.
506 3120 541 3180 αῖ
563 3111 623 3182 δύο
645 3113 748 3180 ἐλαῖαι
765 3111 818 3176 καί
838 3113 873 3174 ul
895 3105 952 3176 δύο
973 3107 1091 3196 λυχνίαι
1112 3115 1170 3170 cel.

35 3224 151 3305 quibus
169 3221 308 3283 omnibus
323 3220 397 3284 loois
420 3221 457 3282 de
480 3220 571 3283 certis
594 3217 732 3300 notisque
749 3215 927 3299 quibusdam
943 3215 1036 3277 rebus
1058 3212 1171 3275 mentio

34 3324 183 3386 inlicitur.
228 3323 330 3402 Pergit
351 3322 489 3384 ttoasar:
515 3325 611 3396 Quare
626 3325 758 3381 oadrtt'mo
772 3324 869 3380 viuum
891 3329 917 3377 et
941 3321 1032 3377 oleum
1051 3321 1083 3376 iu
1105 3335 1170 3376 seu·

34 3447 70 3486 su
93 3428 228 3501 spiritali
250 3443 313 3482 esse
336 3429 558 3500 contendente
579 3437 610 3481 ut
632 3427 818 3496 deprecentur
840 3440 875 3478 πε
889 3425 921 3478 tn
939 3423 1061 3478 obseura
1078 3422 1170 3476 noctis

35 3533 167 3606 σαίίφίπο
190 3531 215 3591 b,
242 3548 265 3588 e.
289 3531 320 3586 ιἰι
342 3531 459 3588 buiusoe
477 3531 557 3587 ottae
580 3527 726 3584 laboribus
746 3524 971 3581 adversitatibus
986 3529 1013 3576 et
1027 3523 1170 3576 aerumnis

34 3651 71 3691 ne
96 3634 162 3691 illis
186 3633 278 3689 oleum
300 3633 375 3688 derit
397 3648 451 3704 quo
475 3647 624 3687 accensam
646 3629 725 3686 olere
746 3628 892 3684 tueemam
910 3625 1026 3697 possint
1046 3623 1072 3679 lt.
1089 3640 1112 3680 e.
1135 3640 1171 3678 uo

33 3737 235 3793 destituuntur
254 3733 316 3790 tuoe
339 3741 366 3790 at
386 3749 458 3791 uera
480 3733 640 3806 οοφπίιίοαε
661 3731 814 3803 solicitatis
837 3745 910 3803 quoe
931 3729 962 3784 ι’νι
975 3733 1076 3784 educto
1095 3743 1170 3800 puu-

31 3842 153 3910 portule
173 3834 348 3890 includitur:
378 3851 448 3892 neue
471 3835 548 3891 obsit
570 3833 691 3906 spiritus
717 3833 811 3888 saneti
836 3830 942 3887 uuotio.
986 3825 1023 3886 Et
1049 3834 1169 3904 postea:

33 3937 145 3994 deiude
167 3952 203 3990 πε
221 3935 291 3992 illos
309 3935 455 4007 spiritalis
476 3935 607 3992 laetitiae
627 3935 724 3991 uiuum
739 3932 863 4006 deficiat.
906 3927 963 3988 lam
979 3924 1057 4004 apud
1073 3926 1170 3987 Oenu-

30 4035 173 4098 menium
198 4033 309 4112 legitur
331 4032 367 4094 atl
389 4033 419 4094 h.
435 4033 474 4094 l.:
497 4028 533 4097 τδ
556 4029 590 4097 δὲ
610 4024 798 4096 ἐντετάλθαι
814 4026 855 4112 μῆ
876 4025 1026 4110 ἀδικῆσαι
1047 4020 1104 4090 τὸν
1126 4022 1171 4088 ol·

28 4161 88 4204 νον
108 4135 163 4200 καί
184 4131 219 4200 τά
240 4131 367 4202 ἔλαιον·
396 4129 432 4200 τὸ
454 4129 497 4215 μῆ
527 4129 721 4198 ἀθετεῖσθαι
742 4130 797 4215 τῆν
824 4128 864 4194 δι’
882 4126 1067 4210 ἐπιστροφῆς
1087 4131 1171 4208 Χρι-

29 4237 114 4302 στοῦ
137 4235 273 4318 λατρείαν
300 4225 393 4328 ¹q'rtlu
417 4229 633 4316 ἐμπεπτωκότα
662 4236 705 4307 εἰς
726 4228 808 4313 ,τοὺς
827 4227 940 4326 λῃστάς
960 4225 1172 4308 ἐθεράπευσεν

30 4343 109 4418 [Lu.
134 4337 170 4413 X,
190 4338 248 4401 34:
278 4334 444 4422 mattiones
473 4334 512 4402 τά
542 4331 703 4419 τραύματα
727 4331 828 4400 αὐτοῦ
847 4335 974 4417 ἐπιχέων
995 4329 1100 4396 llutos
1120 4327 1172 4393 καί

27 4440 137 4518 οἶνον]
157 4435 232 4526 μήτε
252 4442 532 4530 προαναρπαγῆναι
543 4434 676 4522 θανάτῳ
697 4431 821 4512 ταίτονς
841 4441 873 4503 o‘l
885 4432 941 4502 διά
954 4435 1174 4516 μακροθυμίαν
