2900 5054
609 365 651 432 23

71 531 130 611 quil
149 528 206 615 (ib.
230 531 283 607 tlt,
308 529 353 614 7.)
385 536 445 597 τῶν
467 527 649 600 ἀποστόλων
671 537 722 603 καί
742 541 802 602 ταῖν
821 543 971 622 μαθητῶν
992 540 1115 614 πλείους
1134 535 1193 604 'lul-

68 628 159 714 κωβίς
186 657 218 696 τε
240 630 373 708 αὖτὸςὸ
401 632 477 726 τῇδε
503 640 624 717 πρῶτος
645 641 812 712 ἐπίσκοπος
838 645 893 702 τοῦ
922 646 1027 721 κυρίου
1048 647 1193 728 χρηματί-

68 736 120 810 ζων
142 733 274 816 ἀδελφὸς
301 741 347 802 ἔτι
369 735 488 824 τῴβίῳ
509 733 662 821 περιόντες
692 743 742 807 καί
767 740 812 806 ἐπ’
836 741 931 822 αὐτῆς
958 749 1012 828 τῆς
1030 742 1192 827 Ἱεροσολύ-

67 863 127 918 μων
151 830 269 912 πόλεως
290 837 344 912 τὰς
367 837 533 924 διατριβάς
555 839 737 924 ποιούμενοι
765 848 852 924 ἕρκος
875 836 973 925 ὥσπερ
1002 841 1191 928 ἐχυρώτατον

66 943 231 1024 παρέμενον
260 944 301 1025 τῷ
322 937 417 1024 τόσῳ.
462 945 506 1006 Cl.
530 944 571 1015 ll,
600 942 641 1005 23
669 955 738 1024 post
763 947 867 1025 fragm.
890 947 999 1025 Heges.
1036 945 1193 1029 (Ἐνίοναί

66 1049 207 1123 ἱστοριῶν
229 1046 259 1106 in
282 1047 415 1108 Crameri
436 1049 542 1110 anecd.
566 1067 664 1126 graec.
689 1049 722 1111 ll.
745 1068 775 1129 p.
796 1048 887 1112 2uo.:
910 1047 1065 1129 Ἀγρίππα
1089 1047 1123 1112 δὲ
1144 1071 1191 1110 τε·

64 1143 262 1228 ίτυτῆοαντος
284 1149 410 1230 Φῆστος
433 1151 623 1216 καθίσταται
641 1147 789 1236 διάδοχος
802 1149 863 1218 ὑπὸ
877 1154 1016 1232 Νέρωνος
1035 1153 1104 1216 ,ἐπί
1121 1145 1192 1216 τοί-

64 1271 118 1312 του
136 1243 287 1311 Ἰουδαῖοι
306 1240 448 1330 Ἰάκωβον
470 1246 526 1313 τὸν
550 1246 689 1329 ἀδελφὸν
713 1255 768 1315 τοῦ
788 1256 894 1338 κυρίου
921 1250 983 1315 ἀπὸ
1006 1255 1061 1316 τοῦ
1081 1275 1191 1336 πτερυ-

62 1351 128 1424 γίου
145 1348 202 1410 τοῦ
220 1351 303 1430 ἱεροῦ
315 1345 497 1432 ὥθὴσαιτες
516 1348 683 1428 ἐφόνευσαν
704 1352 755 1418 καί
776 1352 925 1434 sapaudi
945 1351 999 1418 daci
1011 1353 1067 1438 τὴν
1082 1351 1191 1418 τούτου

64 1448 218 1530 ἀναίρεσιν
234 1448 467 1525 Οὐεσπασιανὸς
489 1451 655 1536 στρατηγὸς
677 1451 719 1518 ὢν
736 1454 891 1534 Ῥωμαίων
912 1464 1029 1536 πορθεῖ
1043 1453 1080 1518 τὰ
1100 1454 1191 1536 Ἱερο-

64 1547 183 1630 σόλυμα
203 1549 244 1624 τίς
259 1548 401 1634 Ἰώσηπος
422 1552 565 1635 ἱστορεῖ.)
609 1555 714 1618 Incidit
738 1565 836 1618 autem
867 1575 948 1618 mors
976 1555 1040 1617 eius
1064 1555 1095 1615 iu
1115 1563 1191 1616 tem-

64 1673 117 1732 pus
142 1653 216 1714 illud
249 1672 308 1733 quo
339 1663 472 1733 tempore
496 1656 603 1719 Festus
627 1667 764 1722 mortuus
791 1668 853 1720 erat
884 1666 913 1720 et
941 1675 1101 1720 successor
1124 1657 1190 1718 cius

62 1755 188 1817 Albinus
210 1755 342 1818 noudum
369 1755 545 1830 advenerat,
574 1777 652 1820 anno
676 1761 765 1838 igitur
789 1757 830 1821 62
856 1759 909 1836 (cl.
931 1759 1052 1821 Wiesel.
1075 1759 1095 1821 l.
1116 1759 1136 1820 l.
1159 1777 1189 1838 p.

62 1857 113 1919 89.
136 1853 204 1938 90.)
228 1893 268 1904 -
293 1875 359 1920 uam
382 1868 484 1921 contra
506 1860 582 1922 hauc
610 1863 733 1942 Joseplri
762 1868 796 1923 Α.
814 1863 881 1935 ΧΧ,
904 1862 938 1934 9,
964 1861 991 1923 l.
1015 1863 1190 1924 relationem

62 1963 136 2026 nibil
159 1962 237 2024 valet
252 1963 416 2040 ‘scriptoris
440 1963 610 2041 eclogarum
635 1964 726 2038 illius,
753 1965 803 2044 qui
827 1963 916 2044 longe
937 1964 1088 2044 sequioris
1112 1971 1190 2025 aeta-

62 2065 100 2126 tis
122 2072 179 2136 est,
202 2063 406 2126 testimonium
425 2066 515 2127 modo
536 2065 656 2127 allatum
680 2085 716 2130 ex
740 2087 799 2148 quo
822 2067 878 2130 sub
902 2067 992 2129 Festo
1015 2068 1189 2128 interiectus

61 2175 108 2229 est
131 2186 191 2240 -3
220 2165 388 2228 accuratius
417 2186 488 2230 vcro
515 2169 681 2231 secundum
710 2168 914 2248 Hegesippum
941 2168 1017 2228 sesto
1047 2167 1189 2245 paschali.

59 2270 172 2332 Iniuria
194 2287 266 2331 raro
289 2269 471 2332 Wieselerus
496 2269 652 2349 losephum
675 2278 704 2332 et
724 2269 926 2350 Hegesippum
950 2269 987 2330 de
1002 2269 1107 2330 eodem
1122 2286 1190 2330 nar-

59 2391 127 2433 rare
148 2368 256 2431 lacubo
279 2379 376 2448 negat.
420 2369 523 2450 Neque
553 2373 634 2433 enim
663 2373 749 2434 video
776 2373 954 2452 scriptorum
979 2371 1098 2433 illorum
1121 2389 1190 2432 nar-

59 2473 194 2534 rationes
216 2471 371 2534 conciliari
395 2472 472 2534 iuter
491 2491 523 2534 se
546 2492 605 2534 nou
629 2492 729 2552 posse.
773 2474 903 2553 Uterque
925 2474 1003 2533 enim
1025 2473 1061 2533 de
1085 2472 1190 2534 Iacobo

59 2579 152 2638 fratre
181 2577 251 2638 lesu
275 2575 408 2638 disserit.
453 2575 585 2656 Uterque
612 2576 761 2656 lapidibus
793 2576 1003 2654 interemptum
1027 2592 1094 2635 eum
1121 2592 1189 2634 esse

59 2687 194 2742 testatur.
240 2677 341 2740 Solum
370 2678 448 2758 quod
479 2677 625 2756 Iosephus
652 2678 791 2741 Iacobum
821 2677 974 2738 inductum
1002 2692 1070 2737 esse
1100 2675 1192 2736 refert

58 2781 90 2842 in
123 2778 282 2851 iudicium,
313 2779 349 2840 ad
377 2778 540 2858 Hegesippi
571 2780 747 2842 relationem
782 2780 927 2860 quadrare
957 2797 1018 2839 non
1045 2777 1190 2840 uideatur.

59 2881 228 2945 Concilium
252 2897 322 2940 vcro
349 2880 483 2940 iudicum
512 2889 646 2941 coactum
670 2881 779 2953 luisse,
810 2881 944 2962 quamvis
966 2880 1016 2941 lric
1039 2897 1098 2940 non
1121 2896 1190 2940 nar·

57 2992 115 3055 ret,
141 2999 200 3042 nou
225 2988 370 3059 repugnat
393 2987 499 3041 tamen.
546 2980 627 3042 Clam
649 2981 714 3042 sreri
736 2982 832 3059 potuit
854 2983 1028 3060 priusquam
1050 2982 1190 3042 venirent

56 3087 95 3148 ad
121 3084 274 3155 Iacobum,
302 3084 433 3160 rogaturi
456 3084 543 3164 quasi
568 3083 707 3145 fiduciam
736 3083 767 3143 iu
797 3101 832 3143 eo
863 3081 1025 3154 collocent,
1055 3089 1087 3142 ut
1115 3090 1191 3146 teru-

57 3206 134 3268 pore
158 3187 235 3248 sesto
264 3185 408 3264 populum
436 3195 520 3260 recte
546 3186 649 3248 doceat
672 3187 709 3248 de
734 3187 813 3250 lesu.
860 3185 945 3261 Quod
975 3205 1042 3247 cum
1071 3205 1108 3246 ex
1138 3203 1190 3246 sua

56 3290 157 3370 ipsius
182 3286 328 3350 sententia
352 3286 492 3350 audacter
514 3288 637 3350 lecisset
660 3297 689 3350 et
712 3289 796 3352 multi
818 3289 849 3349 iu
864 3289 1013 3351 Christum
1033 3288 1192 3350 crederent
1295 3315 1298 3320 ·

56 3427 100 3438 -
128 3391 208 3471 quod
239 3408 328 3452 secus
351 3389 461 3452 lactum
489 3391 526 3451 iri
554 3400 747 3470 speraverant
773 3390 937 3452 adversarii
960 3399 1137 3451 -temere
1160 3389 1191 3448 bi

57 3496 163 3575 egisse
178 3513 253 3556 -scse
276 3503 490 3571 cognorerunt
535 3496 600 3566 Quo
629 3493 723 3571 magis
752 3495 914 3554 effecerunt
943 3494 1020 3572 quod
1044 3493 1081 3553 ab
1105 3493 1190 3553 initio

57 3597 121 3660 sibi
151 3605 369 3674 proposuerant
395 3604 428 3656 ut
449 3594 587 3656 iacobum
615 3595 651 3656 dc
675 3594 779 3673 templi
805 3594 924 3674 lestigio
947 3593 1113 3655 deiicereut
1137 3589 1191 3674 (cl.

55 3700 149 3762 etiam
176 3697 269 3761 Clem.
293 3695 376 3758 ulex.
405 3715 450 3776 ap.
474 3697 584 3758 Euseb.
614 3697 633 3760 l.
655 3696 673 3758 l.
699 3705 729 3758 et
749 3697 795 3769 ll,
821 3695 873 3774 1.).
926 3695 1015 3758 Humi
1044 3693 1190 3774 lapidatus

55 3813 115 3866 est.
163 3801 297 3880 lienique
319 3817 390 3862 vcro
414 3798 509 3880 (quod
538 3799 610 3862 item
634 3808 750 3880 praeter
774 3799 979 3878 Hegesippum
1002 3805 1100 3858 narrat
1121 3795 1190 3857 Cle·
1278 3813 1282 3822 ·

54 3923 149 3970 meus
172 3903 252 3964 Alex.
282 3901 357 3964 locis
384 3903 472 3963 modo
500 3903 610 3979 citatis)
641 3903 763 3965 lullonis
790 3904 868 3966 luste
895 3921 1019 3982 prorsus
1043 3902 1189 3963 extinctus

54 4019 118 4074 est.
162 4008 234 4070 Erat
255 4015 354 4069 autem
384 4009 414 4068 in
445 4004 621 4070 ludaeorum
648 4007 765 4086 legibus
792 4024 904 4086 paenas
928 4004 1132 4068 sancientibus
1154 4012 1188 4063 ut

53 4129 134 4174 reus
156 4109 332 4188 lapidandus
360 4127 397 4170 ex
421 4108 488 4172 loco
515 4110 642 4172 duorum
666 4109 821 4173 hominum
850 4109 1005 4172 altitudine
1028 4126 1118 4187 supra
1141 4126 1191 4170 so-

56 4217 124 4280 luut
148 4214 228 4278 edito
250 4214 411 4276 atestibus
434 4233 547 4294 pronus
575 4215 764 4278 deiiceretur.
811 4214 887 4276 Turn
914 4214 939 4274 si
960 4213 1057 4275 adhuc
1079 4212 1193 4273 viveret

58 4325 156 4380 testes
180 4316 310 4394 lapidem
334 4334 452 4395 gravem
475 4317 506 4378 in
532 4336 584 4378 cor
608 4316 673 4380 eius
693 4315 910 4388 contraierant,
933 4313 1063 4394 denique
1086 4313 1190 4389 vulgus

60 4421 145 4505 quod
173 4420 386 4484 circumstabat
413 4419 563 4500 lapidibus
599 4420 784 4500 percutiebat
809 4437 886 4482 eum.
931 4416 1097 4480 Saubedriu
1122 4432 1186 4493 cap.
