2900 5054
795 336 843 407 nt

261 510 334 572 det
357 501 405 572 15.
429 505 481 568 ubi
503 507 540 568 cl.
565 503 700 568 llaimen.
747 504 830 568 Unde
851 511 974 586 apparet
999 505 1127 572 ludaeos
1147 507 1331 586 snpplieium
1355 507 1386 568 de
1433 522 1434 530 ¹

259 609 368 673 lacobo
390 607 556 686 sumpsisse
580 607 715 686 quamvis
738 607 980 681 tumultuarium,
1007 617 1135 670 adaman
1165 611 1221 670 rite
1243 610 1385 689 quodam-

260 710 350 772 modo
374 709 520 770 ellectum.
566 710 649 783 Quae
668 728 735 770 cnm
758 710 799 772 ita
821 710 890 783 sint,
912 705 981 774 licet
1002 711 1174 792 Hegesippo
1188 730 1248 777 nen
1263 713 1384 774 relatum

259 813 351 876 luerit
369 811 512 874 iacobum
542 811 573 872 in
603 811 649 874 ius
676 811 834 874 adductum
856 813 950 876 luisse
971 810 1030 876 'etsi
1051 833 1156 876 revera
1177 814 1218 876 ita
1241 822 1326 878 esset
1348 816 1385 876 la-

262 921 340 976 ctum
355 913 457 974 vel-
473 912 502 974 id
527 912 604 992 quod
623 923 654 974 ut
667 931 715 974 res
738 913 801 992 ipsa
818 915 876 976 lert
896 915 959 976 ueri
975 915 1064 978 nobis
1085 916 1289 980 videturesse
1306 916 1386 978 simi·

260 1018 560 1096 lius-perperam.
572 1035 640 1078 cum
652 1017 773 1078 omnino
785 1036 847 1080 non
861 1019 969 1082 lactum
986 1018 1102 1093 luisset,
1119 1019 1244 1082 relatum
1261 1019 1386 1098 losepho

262 1118 418 1197 (neutrum
443 1119 521 1181 enim
546 1137 647 1180 rerum
671 1128 822 1182 auctorem
851 1137 888 1180 ex
914 1121 978 1182 suis
1001 1120 1058 1182 tale
1081 1120 1153 1199 quid
1175 1119 1319 1184 omisisse
1348 1118 1387 1180 vel

261 1223 416 1284 addidisse
439 1241 615 1297 censemus,
644 1241 741 1302 neque
763 1221 846 1284 illum
873 1222 924 1302 qui
952 1221 1178 1302 simplicissime
1201 1239 1324 1285 narrare
1348 1221 1386 1282 ri-

262 1325 350 1388 detur
373 1326 450 1406 quod
462 1333 619 1406 acceperat
639 1344 739 1406 neque
751 1325 830 1387 hunc
853 1325 904 1406 qui
927 1324 1081 1405 ceteroqui
1104 1324 1135 1386 in
1158 1343 1250 1404 opere
1270 1323 1324 1384 illo
1340 1340 1387 1384 ne-

262 1426 350 1487 landa
379 1427 557 1490 ludaeorum
583 1427 714 1491 facinora
745 1426 819 1488 adeo
849 1435 950 1507 aperte
974 1426 1162 1506 proloquitur
1180 1433 1213 1486 ut
1237 1425 1270 1487 io
1291 1423 1387 1502 suspi-

262 1529 379 1592 cionem
403 1530 505 1592 venire
523 1549 583 1592 non
605 1531 701 1609 possit
725 1549 802 1604 eum,
826 1549 864 1594 ne
879 1549 928 1592 res
948 1529 1039 1592 nimis
1054 1538 1137 1592 auen
1159 1528 1324 1600 videretur,
1346 1527 1386 1586 iu-

263 1633 374 1696 dicium
391 1632 465 1694 illud
480 1641 681 1696 commentum
700 1639 783 1707 esse)
807 1641 940 1694 ceterum
960 1632 1063 1713 utique
1086 1650 1146 1694 non
1170 1639 1216 1694 est
1239 1629 1387 1692 dissensio

261 1737 439 1814 scriptorem
459 1735 661 1798 Christianum
686 1736 766 1798 inter
788 1746 818 1798 et
839 1735 980 1798 ledaeum
1005 1734 1082 1796 unde
1096 1733 1247 1796 Eusebius
1266 1733 1336 1794 iure
1356 1732 1387 1792 de

262 1837 398 1900 eiusdem
430 1837 533 1900 lacobi
563 1847 659 1900 morte
688 1846 849 1918 utrumqne
879 1856 1000 1900 narrare
1029 1836 1147 1899 censuit
1177 1843 1207 1896 et
1234 1839 1387 1916 utramque

261 1939 435 2000 relationem
457 1940 562 2001 attulit.
604 1939 677 2002 llam
693 1939 772 2020 qnod
788 1940 822 2002 ad
846 1939 990 2019 temporis
1006 1938 1150 2000 rationem
1163 1936 1278 2008 attinet,
1303 1937 1388 1998 verba

262 2039 313 2102 illa
333 2039 386 2104 soi
405 2037 506 2115 εὐθὺς
530 2038 762 2118 Οὗεοπαοιανὸς
784 2042 945 2124 πολιορκεῖ
966 2039 1077 2118 αὐτοὺς
1098 2060 1165 2104 cum
1184 2041 1323 2104 vocabuli
1343 2039 1388 2106 sri-

261 2137 327 2212 θος
348 2149 479 2220 potestas
501 2161 644 2223 perquam
666 2144 723 2206 late
743 2152 849 2224 pateat,
873 2144 949 2206 bene
972 2145 1061 2206 etiam
1084 2144 1121 2206 de
1144 2163 1289 2207 annornm
1316 2164 1388 2207 non-

262 2241 412 2304 nullorum
436 2245 530 2322 spatie
559 2245 667 2308 valent.
714 2249 887 2327 Quanquam
909 2247 1058 2310 Eusebius
1089 2247 1194 2308 saltent
1215 2246 1253 2308 de
1273 2246 1389 2311 brevis-

262 2341 339 2404 simo
362 2343 489 2424 quodam
516 2354 650 2426 tempore
676 2348 833 2410 interiecto
856 2349 1004 2427 cogitasse
1026 2348 1159 2421 videtur,
1181 2346 1222 2409 ait
1244 2347 1328 2408 enim
1350 2348 1387 2409 ib.

178 2441 186 2450 “
261 2437 376 2526 ταύτην
402 2441 483 2510 εἶναι
511 2443 565 2529 τὴν
593 2449 695 2514 αἰτίαν
719 2451 772 2534 τῆς
792 2452 1028 2534 παραχρῆμα
1050 2446 1127 2530 μετὰ
1155 2445 1190 2512 τὸ
1220 2445 1388 2533 μαρτύριον

262 2540 360 2610 αὐτοῦ
383 2544 564 2626 πολιορκίας
586 2551 643 2634 τῆς
660 2545 861 2634 Ἰερουσαλήμ
884 2552 930 2626 (et
952 2551 1004 2625 ΙΙΙ,
1027 2551 1076 2613 ΙΙ.
1097 2551 1248 2612 Simonem
1265 2551 1388 2640 Jerusa-

262 2645 333 2738 lemi
364 2647 536 2727 episcopum
565 2651 674 2712 lactum
698 2670 767 2712 esse
790 2661 891 2713 narrat
911 2648 987 2732 μετὰ
1015 2649 1073 2736 τήν
1100 2648 1248 2735 Ἰακώβου
1276 2675 1389 2735 μαρτυ-

261 2753 330 2827 ρίαν
357 2748 408 2813 καὶ
435 2747 499 2831 τήν
527 2747 636 2822 ,αὐτίκα
660 2755 824 2834 γενομένην
855 2743 969 2818 idmona
995 2755 1052 2834 τῆς
1076 2749 1305 2835 Ἰερουσαλήμ).
1356 2757 1389 2814 nt

262 2849 434 2930 episcopum
458 2853 689 2918 caesareensem
713 2858 851 2934 ingentes
872 2855 903 2916 in
923 2874 957 2918 re
977 2854 1079 2918 critica
1098 2855 1285 2918 commisisse
1308 2875 1389 2918 men-

262 2953 317 3016 des
340 2973 429 3018 nemo
451 2957 558 3020 nescit.
582 2990 625 3004 -
669 2958 783 3022 nodam
805 2977 865 3021 non
888 2959 1037 3038 possead
1064 2959 1261 3020 evincendam
1282 2977 1389 3038 perso·

262 3075 318 3119 nae
341 3057 542 3123 diversitatem
566 3060 669 3121 inlerri
699 3061 777 3139 quod
805 3060 970 3122 secundum
998 3059 1161 3140 Josephum
1182 3059 1233 3122 afii
1255 3061 1389 3124 nonnulli

262 3161 351 3222 simul
373 3180 441 3222 cum
461 3162 570 3224 lacobo
592 3163 643 3224 illo
665 3162 770 3224 mortis
794 3162 922 3224 damnati
946 3163 1008 3226 sint
1027 3183 1083 3244 qua
1107 3164 1144 3226 de
1166 3182 1199 3226 re
1222 3170 1316 3226 taceat
1330 3164 1390 3226 He·

263 3261 422 3340 gesippns3
441 3261 592 3324 nescimus
614 3262 691 3324 eninr
705 3271 734 3324 et
756 3271 857 3326 utrum
872 3264 916 3325 illi
929 3265 1034 3327 Judaei
1049 3265 1159 3327 luerint
1174 3282 1210 3326 an
1229 3263 1390 3328 Christiani

192 3385 200 3390 ·
266 3369 304 3435 et,
329 3361 354 3422 si
371 3361 531 3424 Christiani
546 3364 674 3439 luerunt,
697 3383 733 3426 an
750 3383 811 3428 non
826 3383 929 3428 revera
947 3375 977 3427 et
992 3366 1056 3445 ipse
1071 3366 1259 3445 Hegesippus
1273 3366 1314 3428 de
1329 3368 1391 3430 his·

263 3484 298 3526 ce
321 3465 437 3530 locutus
459 3468 515 3530 sit:
538 3477 583 3532 est
605 3469 684 3532 enim
707 3472 904 3548 fragmentum
927 3469 1005 3550 quod
1026 3468 1112 3531 uobis
1135 3477 1222 3531 extat.
1236 3502 1281 3512 —
1310 3473 1389 3545 Quae

262 3587 329 3632 eum
352 3570 391 3631 ita
414 3571 491 3646 sint,
520 3581 637 3654 tempus
662 3593 720 3654 quo
742 3573 872 3637 lacobus
895 3575 992 3638 iustus
1015 3575 1105 3636 lrater
1127 3575 1240 3636 domini
1262 3587 1389 3640 mortem

260 3688 421 3749 perpessus
443 3675 492 3750 sit,
517 3694 553 3736 er
574 3676 746 3754 Hegesippo
769 3683 798 3737 et
819 3676 951 3754 Josepho
967 3676 1056 3740 simul
1078 3677 1143 3739 iure
1167 3676 1289 3740 eruitur.

362 3985 560 4068 Egressio.
604 3985 782 4068 Priusquam
816 3995 975 4066 pergentes
1008 3987 1039 4048 in
1074 3985 1254 4068 explicandis
1284 3988 1389 4050 vatici·

260 4089 320 4152 niis
344 4091 496 4153 videamus
522 4090 672 4170 quomodo
698 4091 827 4152 loannes
852 4087 910 4153 hoc
936 4089 1036 4152 lratris
1067 4088 1182 4150 domini
1212 4090 1390 4168 martyrium

260 4192 407 4267 attulerit,
437 4193 467 4255 in
495 4202 703 4270 argumentum
729 4192 856 4256 incurrit
883 4193 1108 4274 quaestiuncula
1130 4193 1274 4274 quaedam
1299 4213 1390 4274 quarn

260 4309 327 4354 cum
351 4294 538 4356 vexatissima
562 4294 610 4369 sit,
633 4313 693 4358 non
709 4296 813 4359 inutile
836 4297 927 4359 luerit
949 4297 1105 4360 enodasse.
1149 4295 1278 4358 Utenim
1290 4296 1390 4360 Euse-

258 4393 326 4460 bius
349 4394 414 4458 loco
434 4395 552 4460 laudato
573 4396 717 4464 iacobum
746 4399 826 4464 inter
853 4417 905 4464 eos
925 4399 1010 4462 affert
1037 4397 1088 4479 qui
1113 4397 1185 4462 dum
1205 4397 1388 4462 Jerusalemi
