2900 5054
778 309 822 385 tt

242 485 411 572 ὅπράινος
437 488 535 564 XXII,
560 490 610 553 lo.
655 491 738 553 Idem
774 498 820 554 est
854 492 978 570 angelus
1006 490 1098 571 sigilli
1128 490 1220 553 divini
1256 497 1369 554 mutos.

177 582 185 595 ⁰
242 592 376 676 Σφραχίς
405 593 605 672 praedicatum
634 595 691 658 τοῦ
717 589 812 671 λόχου
845 603 891 656 est
920 595 998 674 apud
1029 594 1185 656 Philonem
1214 613 1251 655 ex
1281 595 1368 655 cuius

242 695 362 774 scriptis
398 694 490 772 longe
518 695 620 774 plures
656 695 738 756 locos
775 696 918 775 colligere
941 697 1026 758 lieet
1053 713 1142 775 quem
1171 713 1247 776 ques
1267 695 1370 758 citarit
1443 715 1444 746 ³

242 797 462 860 massmannus
485 804 598 877 quaest.
623 797 698 857 Phil.
722 799 759 857 II.
785 815 813 875 p.
837 796 889 858 47.
910 797 953 860 ct
977 803 1047 860 nott
1077 778 1178 878 ποῖοι-ι
1198 791 1246 859 bot
1269 809 1369 858 ιιιιιτιτ

242 903 368 976 cirillum
396 904 443 960 dei
474 903 661 960 colossaeas.
706 898 805 960 Dulses
831 899 963 960 Rabbin.
992 897 1179 960 Blumenlese
1212 895 1303 958 lost.
1337 915 1367 975 p.

242 999 313 1064 lou.
344 999 525 1082 Σφραγίζειυ
544 1000 623 1061 sicut
645 1010 713 1062 ιιι-ιιι
736 999 807 1061 Dan.
832 1000 882 1071 IX,
904 997 957 1060 24.
995 998 1200 1075 obsignantur
1221 998 1316 1060 smoti
1337 998 1367 1058 b.

242 1121 268 1165 e.
292 1101 482 1164 confirmatur
508 1118 560 1161 eos
589 1099 666 1160 lilios
697 1099 745 1159 dei
772 1099 929 1161 salvandos
951 1117 1027 1162 esse.
1072 1098 1178 1160 Netutu
1199 1097 1369 1176 dignissimi
1444 1165 1445 1172 φ

240 1210 308 1264 sunt
331 1219 438 1263 versus
459 1199 579 1280 quidam
600 1201 781 1280 psalmorum
803 1201 853 1282 qui
868 1200 1018 1262 Salomoni
1041 1201 1212 1262 tribuuntur
1236 1200 1367 1273 (Febric.

240 1304 305 1368 cod.
327 1305 471 1384 pseudep.
493 1303 526 1366 V.
549 1303 609 1377 Τ.).
654 1303 713 1388 XV,
728 1302 764 1364 8:
785 1300 820 1368 τὸ
846 1313 970 1385 σημεῖον
989 1305 1138 1367 colosso
1158 1300 1207 1366 εἰιί
1229 1298 1370 1378 δικαίους

212 1409 283 1480 ἐίς
302 1411 461 1490 σωτηρίαν,
485 1401 573 1485 λιμὸς
597 1404 650 1470 καλ
678 1402 815 1489 ῥομφαία
842 1403 894 1468 καί
915 1399 1060 1475 θάνατος
1088 1397 1208 1483 μακράν
1234 1397 1297 1465 ἀπὸ
1320 1398 1369 1464 δε·

239 1513 342 1574 καίων.
374 1508 444 1570 XIII
472 1507 538 1586 (qui
561 1506 694 1585 psalmus
715 1505 891 1568 inscribitur
917 1501 1111 1588 παράκλησις
1131 1507 1193 1568 τῶν
1215 1501 1368 1578 δικαίων).

239 1607 269 1671 2.
294 1609 328 1670 3:
353 1607 369 1672 ὁ
390 1612 524 1692 βραχίων
548 1612 653 1689 κυρίου
675 1612 786 1672 ἔσωσεν
807 1605 890 1690 ἡμᾶς
911 1605 977 1673 ἀπὸ
1002 1606 1155 1693 ῥομφαίας
1174 1605 1369 1690 'dioeceseon
1445 1601 1446 1638 ³

239 1712 346 1793 μένης,
375 1706 437 1772 άπὸ
458 1708 551 1788 λιμοῦ
581 1709 632 1773 καὶ
653 1707 801 1774 θανάτου
830 1707 1028 1790 ἁμαρτωλῶν.
1077 1712 1175 1792 Θηρία
1195 1708 1370 1792 ἐπέδραμον
1446 1687 1447 1732 ¹

241 1809 346 1889 odron
366 1807 495 1896 πονηρά·
517 1814 549 1875 ἐν
570 1821 635 1885 τοῖς
659 1809 785 1876 ὀδοῦσιν
807 1809 910 1878 οὔτῶν
927 1808 1049 1878 ἔτιλλον
1064 1807 1181 1892 σάρκας
1192 1807 1295 1874 αὐτῶν
1316 1810 1370 1872 καί

207 1897 217 1919 ’
241 1915 275 1978 ἐν
294 1923 363 1986 ταῖς
384 1910 492 1994 μύλαις
505 1911 606 1978 αὐτῶν
623 1911 726 1976 sotor
747 1911 826 1978 ὀστᾶ
848 1910 1016 1976 αὐτῶνκαὶ
1036 1913 1069 1975 ἐκ
1082 1907 1198 1975 τούτων
1219 1905 1367 1975 ἁπάντων

241 2009 390 2096 ἐρρύσατο
413 2012 492 2097 ἡμᾶς
513 2009 623 2096 κίριος.
668 2014 824 2093 ltespicias
847 2014 884 2076 ad
908 2012 1042 2092 equites,
1065 2011 1242 2090 praesertim
1266 2010 1312 2082 vt,
1335 2007 1365 2070 8.
1446 2019 1447 2062 l

241 2115 285 2175 ud
309 2115 432 2193 angelos
454 2135 482 2176 ν.
503 2115 532 2176 l.
558 2115 770 2178 oecumenius:
794 2108 893 2178 ταῦτά
916 2135 995 2177 τισιν
1010 2109 1072 2178 dud
1092 2111 1247 2193 Ῥωμαίων
1267 2107 1369 2176 πάλαι

240 2222 307 2287 τοῖς
325 2211 489 2287 Ἰουδαίοις
508 2218 693 2299 γεγενῆσθαι
711 2214 895 2298 ἑξείληπται.
940 2217 1045 2276 Aretes
1066 2217 1125 2297 γῆν
1138 2214 1283 2276 Iudaeam
1296 2229 1367 2275 esse

240 2318 287 2382 ait·
305 2326 334 2379 et
363 2317 399 2378 ad
426 2318 596 2395 augelorum
627 2318 743 2397 plagam
773 2317 883 2380 bollum
912 2317 1096 2378 Iudaeorum
1125 2333 1194 2378 cum
1223 2314 1368 2376 Romanis

242 2428 359 2499 gestum
381 2436 398 2480 a
424 2418 554 2497 iosepbc
584 2419 767 2499 descriptum
797 2421 897 2493 aliern
930 2419 966 2480 ed
997 2417 1251 2497 obsignationem:
1275 2413 1369 2500 -dggse

242 2509 280 2588 cd
302 2522 540 2602 αφραχισθῶσιν
561 2525 591 2585 oi
612 2526 667 2585 rori
682 2519 883 2603 διασωθῆναι
902 2516 984 2597 άξιοι
1002 2515 1270 2582 τοῖνἸαυδαίωτει
1283 2535 1368 2580 mox:

241 2627 334 2690 τοῦτο
358 2620 392 2688 δὲ
411 2625 438 2686 ελ
466 2622 518 2687 καί
537 2626 664 2704 μερικῶς
692 2619 791 2688 πάλαι
817 2623 975 2703 γεγένηται
997 2622 1051 2684 ἐπὶ
1071 2616 1223 2702 [Oscum]
1246 2620 1306 2682 τῶν
1326 2623 1371 2700 τῷ

240 2724 367 2805 Χριστῷ
395 2719 639 2789 πεπιστευκότων
666 2725 696 2785 ci
721 2724 776 2806 τῆς
805 2717 864 2786 άπὸ
893 2722 952 2786 τῶν
976 2718 1131 2800 Ῥωμαίων
1158 2716 1196 2786 οὐ
1222 2723 1369 2804 μετέσχον

239 2821 396 2892 Ἰουδαίων
418 2821 639 2906 πανωλεθρίας
667 2825 863 2906 χρηματισμῷ
883 2825 963 2905 θείῳ
984 2825 1041 2904 τῆς
1060 2817 1261 2905 Ἰερουσαλὴμ
1281 2823 1370 2888 ἐκτο-

240 2929 405 3004 ιιισθέντες
418 2928 473 2990 τοῦ
494 2923 537 3008 μὴ
557 2935 715 3010 μετασχεῖν
733 2922 769 2989 τά
784 2923 864 2990 αὐτά
881 2934 947 2998 τοῖς
964 2922 1122 3007 ἀσεβέσιν·
1146 2917 1199 2995 οὓς
1220 2921 1275 3000 [sc.
1292 2919 1371 2998 τοὺς

241 3024 488 3104 πεπιστευκότας]
522 3029 564 3102 είς
593 3023 713 3098 πολλάς
737 3024 891 3107 μυριάδας
918 3023 996 3090 κατά
1021 3021 1073 3090 τὸν
1101 3028 1197 3105 με’μαν
1219 3021 1370 3108 Ἰάκωβον

241 3130 392 3194 συντελεῖν
414 3130 467 3206 [sc.
487 3151 580 3210 φησιν
601 3126 619 3192 ὁ
635 3131 761 3201 Λουκᾶς
783 3137 829 3190 act
848 3129 924 3202 XXI,
940 3126 1008 3212 20]
1032 3130 1073 3210 τῷ
1090 3132 1227 3210 μακαρίῳ
1246 3125 1370 3210 floridos

242 3229 277 3296 τί
298 3231 422 3314 πλῆθος
444 3227 545 3294 αὐτῶν
575 3229 788 3309 ἐμφανίζοντα.
832 3235 906 3294 Item
929 3233 966 3294 ad
987 3229 1149 3296 vl-Sz
1179 3226 1369 3308 ιιαλλοί,νδρ

240 3319 319 3415 ἦσαν
347 3329 398 3394 καί
433 3325 575 3411 ἀριθμὸν
606 3324 850 3411 ὑπερβάλλοντες
878 3334 908 3394 σί
938 3332 1064 3412 Χριστῷ
1090 3325 1304 3402 πιστεύσαντες
1334 3330 1372 3392 ἐκ

241 3436 302 3502 τάν
321 3429 490 3500 Ἰουδαίων.
510 3430 567 3496 καί
588 3423 737 3513 μάρτυρες
760 3435 791 3494 oi
813 3427 933 3514 Παύλῳ
954 3435 995 3513 τῷ
1022 3433 1101 3512 θείῳ
1122 3431 1154 3492 ἐν
1173 3424 1370 3512 Ἰερουσαλὴμ

239 3542 391 3619 γενομένῳ
410 3537 568 3616 λέγοντες·
596 3542 722 3615 democle
742 3530 854 3612 ἆδελφὲ
876 3533 972 3609 πόσαι
991 3529 1134 3616 μυριάδες
1153 3529 1212 3594 εἰσὶ
1231 3532 1289 3594 τῶν
1313 3553 1369 3596 ντε-

239 3636 446 3704 πιστευκότων
462 3633 640 3712 Ἰουδαίους
661 3631 790 3710 τούτους
805 3635 839 3702 δὲ
852 3635 892 3720 μί,
912 3641 1045 3722 μετέχειν
1056 3640 1110 3720 τῆς
1131 3632 1192 3702 ὑπὸ
1207 3633 1366 3714 Ῥωμαίων

234 3736 459 3819 πανωλεθρίας
489 3735 507 3802 ὁ
544 3740 733 3822 χρηματίζων
767 3742 808 3819 τῷ
836 3734 1033 3830 εὗαχχελιατῇ
1060 3761 1162 3820 φησιν.
1211 3737 1370 3818 Siquidem

239 3839 330 3918 igitur
350 3857 428 3902 anuo
451 3836 492 3898 58
516 3838 752 3903 Christianorum
776 3839 886 3900 multoe
902 3838 1049 3916 myriades
1074 3838 1104 3900 in
1118 3838 1282 3902 Palaestina
1298 3839 1369 3900 lue-

239 3948 322 4014 runt,
348 3940 426 4002 haud
449 3940 628 4004 incredibile
649 3951 696 4004 est
715 3942 818 4020 paucis
840 3941 926 4004 anuis
948 3950 1018 4020 post
1039 3961 1106 4003 cum
1129 3960 1165 4004 en
1185 3941 1294 4004 Iudaea
1319 3943 1371 4004 di-

240 4044 400 4106 scederent
429 4043 524 4106 luisse
550 4044 786 4122 quattuordecim
810 4045 957 4124 myriades
984 4053 1179 4124 etquattuor
1205 4046 1285 4108 milia
1315 4067 1369 4110 se·

240 4145 371 4207 modum
400 4144 649 4224 computationem
673 4146 806 4210 Ioannis.
852 4146 972 4226 (Refert
1000 4147 1089 4210 etiam
1118 4148 1195 4210 liber
1222 4148 1369 4215 tumosis

240 4242 366 4305 ducenta
388 4245 468 4306 milia
490 4245 670 4310 Iudaeorum
683 4255 753 4310 ante
774 4247 952 4312 Jerusalemi
971 4248 1204 4311 destructionem
1219 4249 1369 4314 Christia-

238 4363 294 4412 nos
315 4347 409 4410 lactus
432 4349 525 4426 esse.)
569 4349 643 4412 Cum
665 4357 763 4414 temen
784 4352 914 4417 ioannes
937 4371 973 4414 es
995 4353 1123 4436 singulis
1145 4353 1283 4418 tribubus
1308 4375 1369 4422 nec
