2900 5054
482 293 629 402 'aa

54 500 183 566 tulerunt
204 509 238 564 ut
267 502 314 566 ria
343 511 432 584 queat
453 503 586 584 intellegi
615 503 686 584 quid
710 503 821 584 opponi
843 504 950 584 possit.
995 503 1073 570 llicit
1099 504 1176 568 tiro*

53 603 126 666 tius:
149 605 267 678 Ῑιιονιιοι
287 607 377 665 multo
396 609 474 666 mola
503 610 564 666 etue
586 611 708 682 pencris.
753 607 877 673 ἔσονται
896 603 982 686 λιμοί
1002 608 1056 670 tu.
1072 609 1177 674 XXIV.

13 705 14 708 ’
52 707 79 768 7.
101 706 152 768 Lu.
174 710 262 776 XXI,
284 706 330 772 ll.
361 713 412 770 sed
437 714 562 770 οιουίιιιο
584 715 698 787 insipere
720 714 795 771 illud
815 715 850 770 el
872 712 971 786 ripato
996 716 1178 787 praedictum

51 807 118 884 [eet.
139 811 199 876 Xl,
223 809 277 886 28]
300 813 350 869 ubi
376 811 537 896 οἰκουμένη
558 823 601 873 eet
623 817 748 876 ledaea.
794 813 967 874 Wetsteuus
982 812 1093 888 rectius
1109 813 1177 894 qui·

51 909 117 970 dem
141 909 223 972 addit
243 913 350 986 semem
368 917 420 972 sub
442 917 563 975 Claudio
585 935 642 974 οονν
664 919 696 974 ia
717 918 783 974 sola
803 917 918 973 ludera
940 918 991 972 sed
1013 933 1069 988 per
1091 925 1178 974 totum

50 1015 143 1070 orbem
166 1023 307 1074 terrarum
326 1018 420 1091 fuisse
440 1016 493 1090 (cl.
517 1016 598 1094 locos
622 1037 697 1098 quos
720 1019 786 1097 ipse
808 1017 844 1078 ad
867 1017 917 1080 tta
941 1015 1076 1091 XX1V‚7
1099 1027 1176 1080 attu-

49 1111 82 1172 lit
104 1120 135 1172 et
156 1113 277 1178 Wiesel.
300 1115 439 1178 Chronol.
465 1120 494 1181 d.
517 1129 612 1200 apost.
637 1120 710 1190 Zeit.
732 1139 761 1199 p.
789 1119 859 1182 tot.
884 1139 952 1182 ann.
975 1119 1021 1196 2.)
1052 1130 1081 1182 ct
1105 1141 1176 1184 sane

49 1214 169 1279 Grotius
197 1217 262 1282 iure
291 1219 423 1282 strictius
453 1222 633 1306 οἰκουμένην
662 1225 700 1286 de
729 1224 792 1290 sola
816 1225 983 1288 Palaestina
1010 1224 1178 1304 explicavit,

48 1325 75 1376 at
97 1337 114 1378 e
136 1318 236 1398 sigillo
255 1320 312 1382 boc
333 1323 420 1384 tertio
441 1325 525 1402 plaga
556 1325 655 1403 prodit
676 1326 797 1388 ludaeis
821 1327 939 1390 indicta.
986 1327 1027 1390 lle
1047 1347 1103 1408 qua
1125 1331 1178 1393 lo·

48 1421 161 1502 sepbus
190 1421 238 1505 (t.
261 1425 331 1500 XX,
354 1423 392 1498 2,
417 1425 465 1508 6);
491 1425 584 1506 λιμοῦ
606 1423 668 1506 γὰρ
690 1426 791 1494 αὐτῶν
813 1426 869 1512 τὴν
891 1425 986 1493 πόλιν
1014 1430 1178 1506 (Jerusale-

48 1527 142 1601 mutn)
163 1524 241 1592 νοιδ
265 1523 321 1592 τόν
341 1527 447 1610 ιιοιρὸν
468 1531 583 1594 tatiano
605 1529 758 1606 πιέζοντος
778 1530 829 1593 acl
849 1526 971 1595 πολλῶν
992 1525 1041 1592 ὑπ’
1063 1526 1179 1604 ἐνδείας

46 1621 256 1708 ἀναλωμάτων
278 1633 491 1714 φθειρομένου
519 1632 583 1697 art.
614 1641 642 1693 et
664 1632 824 1712 praecipue
846 1641 948 1711 postea
972 1631 1025 1708 (5,
1050 1631 1102 1709 2):
1130 1632 1179 1702 tal

47 1725 171 1806 τούτοις
192 1727 231 1815 δὴ
253 1732 305 1800 aei
324 1731 375 1797 τὸν
395 1737 489 1820 μίμου
511 1731 605 1814 λιμὸν
628 1732 706 1798 κατὰ
733 1731 787 1818 τὴν
807 1731 965 1800 Ἰουδαῖον
996 1738 1109 1820 συνέβη
1128 1759 1178 1815 ye-

49 1835 172 1898 νέσθοι.
219 1832 865 1912 l'erbae’alaorirorrCrednerusliinleit.
896 1855 924 1914 p.
949 1834 1178 1912 convertenda
1289 1887 1292 1890 .

46 1943 169 1997 censet:
192 1945 355 2016 propter
376 1938 470 1998 baec
492 1938 521 1998 b.
545 1957 570 1999 e.
594 1947 714 2017 propter
727 1937 904 2016 apostasiam
922 1936 1035 2000 Tiberii
1050 1937 1178 2000 Alexan-

48 2033 97 2098 dri
120 2038 322 2114 procuratoris
345 2038 382 2100 de
405 2039 491 2101 cuius
513 2048 595 2119 patre
617 2040 707 2102 verba
722 2039 859 2119 proxime
881 2039 1088 2102 antecedentia
1103 2039 1178 2102 baec

45 2148 133 2199 sunt:
169 2135 202 2214 ilc
226 2133 361 2223 διήνεγκε
391 2140 442 2204 aui
470 2144 508 2234 τῇ
539 2136 615 2223 πρὸς
643 2137 697 2206 τὸν
722 2139 796 2206 θεὸν
823 2138 961 2228 εὗσεβοίμ
988 2139 1044 2204 τοῦ
1063 2135 1179 2214 παιδὸς

42 2231 245 2324 Ἀλεξάνδρου
267 2243 304 2306 de
327 2263 385 2326 quo
402 2245 500 2306 addit:
530 2256 592 2320 τοῖς
615 2242 670 2328 μὰρ
693 2248 833 2326 πατρίοις
857 2240 910 2310 οιόι
931 2244 1064 2322 ἐνέμενεν
1086 2231 1178 2322 οὗτος

43 2349 169 2410 ἔθεσιν.
219 2348 407 2412 Crednerus:
437 2349 489 2412 das
519 2361 631 2413 musste
662 2350 731 2410 dem
756 2347 867 2409 lehora
896 2347 1061 2421 misiallen;
1087 2345 1179 2406 daber

45 2445 96 2508 die
127 2447 350 2528 Hungersnotb.
404 2451 550 2512 Guericlre
582 2469 653 2510 vero
685 2449 791 2512 Gescln.
815 2449 843 2511 d.
867 2448 901 2512 N.
924 2449 959 2510 T.
983 2467 1011 2526 p.
1030 2445 1080 2509 51.
1113 2448 1178 2509 iure

44 2549 166 2613 dubitat
185 2552 255 2614 dass
277 2553 324 2614 die
340 2553 540 2616 Heterodoxie
560 2554 614 2616 des
630 2553 770 2616 Tiberius
793 2551 926 2615 wirklich
945 2551 1014 2614 dem
1027 2553 1178 2632 losephus

44 2653 90 2714 als
115 2653 181 2716 eine
203 2673 366 2734 genugsam
388 2656 603 2735 beguindende
619 2656 731 2720 Ursacb
750 2656 803 2718 der
818 2653 1028 2734 Hungersnotb
1045 2653 1178 2716 erschie-

42 2775 108 2820 nen
130 2758 185 2822 sei.
231 2759 291 2822 Nec
310 2771 407 2824 tamen
429 2739 616 2824 defendenda
641 2772 686 2822 est
703 2759 834 2837 vulgaris
854 2757 1030 2838 explicati03
1060 2763 1179 2821 vertunt

43 2860 130 2922 enim
152 2861 203 2926 ἐπὶ
223 2857 342 2936 τούτοις
374 2863 446 2926 sub
476 2863 538 2924 bis
567 2881 608 2924 sc.
632 2860 875 2940 procuratoribus
898 2859 977 2920 lado
997 2866 1028 2918 et
1049 2857 1178 2920 Alexan·

43 2963 116 3024 διο.
158 2966 295 3046 ᾼῑῑυιοοο
319 2967 407 3030 modo
436 2965 602 3028 absolverat
625 2963 699 3036 Fadi
720 2961 961 3042 procurationem
985 2959 1095 3032 diserta
1115 2958 1174 3018 ior·

42 3060 147 3126 mula:
169 3059 207 3128 τὰ
229 3063 285 3142 μὲν
307 3052 362 3131 οὖν
385 3062 544 3148 συμβάντα
569 3073 632 3137 τοῖς
649 3058 814 3134 Ἰουδαίοις
836 3055 915 3124 enada
932 3055 1002 3132 τοὺς
1018 3057 1178 3120 Κουσπίου

45 3162 165 3228 Φάδου
187 3171 239 3251 τῆς
262 3169 429 3254 ἐπιτροπῆς
449 3161 579 3252 χρόνους
601 3171 702 3230 τοῦτο
723 3167 851 3244 ἐγένετο.
897 3163 995 3238 Quare
1023 3159 1177 3222 turbulen-

42 3267 200 3330 tissimum
215 3279 398 3334 narratorem
421 3290 488 3333 eum
504 3272 553 3352 qui
571 3270 696 3348 maxime
714 3268 921 3332 consideratus
938 3275 984 3328 est
1000 3265 1177 3328 deberemus

42 3386 174 3430 censere
189 3370 214 3432 si
225 3371 323 3434 tribus
336 3373 425 3436 lineis
440 3384 509 3454 post
524 3373 580 3436 tale
597 3372 668 3454 quid
686 3371 894 3452 grauissimum
910 3369 1074 3450 suppleret.
1117 3366 1178 3430 Nec
1223 3407 1231 3418 ι

41 3470 251 3534 transtulerim
271 3473 313 3534 ad
333 3473 426 3537 haec
448 3494 502 3537 scu
518 3483 721 3554 practerea
741 3473 813 3552 (qua
835 3472 982 3535 sententia
997 3471 1097 3551 paullo
1109 3477 1179 3551 post

42 3569 127 3650 apud
147 3569 328 3651 losepbunr:
350 3572 425 3654 apic
446 3573 599 3653 cedrorc);
622 3573 694 3638 satis
717 3573 797 3637 enim
819 3572 943 3651 imparia
967 3571 1058 3634 nimis
1075 3570 1178 3650 negle-

41 3681 156 3750 genter
178 3673 216 3736 ita
239 3676 395 3740 coniuncta
412 3686 523 3740 essent.
567 3680 740 3760 Qtranquam
764 3696 796 3741 re
811 3676 1084 3757 essetidemquanr
1100 3675 1179 3756 quod

41 3774 187 3836 dicturus
215 3795 294 3840 sum.
336 3777 459 3858 Explico
489 3780 568 3844 enim
594 3779 642 3846 lul
664 3776 785 3863 τούτοις
805 3779 843 3842 dc
867 3789 1001 3860 tempore
1028 3788 1116 3862 atque
1139 3779 1179 3842 ita
1288 3801 1293 3810 ’

41 3879 171 3962 quidem
195 3890 227 3942 ut
248 3883 413 3946 accuratius
432 3884 594 3963 significet:
622 3883 825 3962 posthaec
851 3901 893 3944 sc.
922 3890 991 3961 post
1020 3881 1179 3943 decessum

40 3983 175 4046 Fadiae
192 3984 306 4048 'liberii
327 3985 470 4065 auspicia.
504 3986 565 4050 Usu
579 3995 675 4048 tamen
690 3985 778 4048 latius
798 3992 877 4065 patet
891 3992 923 4046 ut
937 3983 1089 4046 transferri
1107 4001 1178 4064 pos·

39 4091 87 4154 sit
113 4096 190 4150 turn
217 4087 247 4150 b.
267 4107 295 4150 e.
318 4088 374 4152 suh
400 4089 523 4152 Tiberio
545 4088 726 4152 Alexandro.
770 4087 831 4150 Nec
856 4093 1004 4168 repugnat
1026 4083 1104 4166 quod
1126 4084 1179 4144 lo·-

41 4187 165 4270 seplrus
188 4187 254 4250 loeo
277 4188 330 4250 illo
351 4207 441 4270 quem
461 4189 546 4270 prius
566 4189 718 4254 attulimus
739 4188 796 4250 iarn
825 4197 892 4250 ante
915 4186 987 4248 Fadi
1009 4185 1179 4248 discessum

40 4293 141 4358 samis
164 4292 345 4355 mentionem
368 4292 448 4356 feeit.
492 4292 535 4354 lle
555 4292 666 4356 Helena
684 4291 763 4354 eninr
786 4289 939 4352 Monobazi
958 4288 1178 4352 Adiabenorum

40 4394 133 4474 regis
151 4411 257 4460 sorore
280 4400 309 4455 et
331 4411 423 4458 uxore
446 4411 539 4472 agens
568 4393 650 4456 addit
678 4392 757 4472 quod
781 4400 883 4474 postea
913 4389 1177 4472 cumreligioncm
