2900 5054
588 302 628 368 59

58 485 187 540 dicuntur
207 481 348 554 defecisse
368 479 454 536 terlio
476 479 635 551 reiparte.
678 473 715 535 111
736 489 842 552 porro:
866 472 1000 550 inperce
1023 478 1109 533 tectio
1124 459 1180 532 ‘Je-

60 587 148 642 doene
172 592 199 642 et
223 584 341 656 opificio
364 589 512 638 cessarunt
533 589 560 637 et
581 582 689 638 itinera
708 597 826 655 quamne
843 581 898 641 itta
921 577 956 636 de
976 580 1031 646 die,
1054 579 1124 637 boec
1147 581 1185 651 de,

57 697 137 746 nocte
155 689 248 761 magis
269 687 378 744 inillis
398 686 470 742 locis
491 685 594 758 peragi
616 685 756 741 colebant.
800 680 965 743 Bossuelus
981 678 1018 739 de
1040 676 1114 740 eolis
1128 677 1181 738 de-

57 789 134 850 133111
156 787 233 848 inter
261 786 317 847 alia
343 785 398 848 ait:
428 785 501 846 c’est
528 783 826 844 l'obscureissement
856 781 908 842 des
937 781 1108 859 prophetias
1129 799 1183 862 par

56 891 82 952 ln
104 889 210 952 mallee
233 890 285 952 des
306 885 395 950 lulla.
440 887 639 966 Temporibus
654 887 749 949 ¹enim
778 886 919 948 Hadriani
946 881 979 947 lt.
1004 887 1127 968 hqiham
1150 889 1181 951 iu

56 1013 143 1056 usum
170 993 228 1056 Bar
252 992 427 1056 Ghochehae
457 993 622 1072 scripturae
651 993 827 1057 sententiam
851 994 1031 1070 detorsisse3
1059 1013 1183 1076 compe

56 1097 155 1160 suisse
178 1105 248 1156 tunc
266 1095 397 1156 ludaeos
419 1093 563 1154 ldishnam
580 1105 636 1156 eet.
652 1096 841 1158 Wetslenus:
863 1113 945 1154 meru
966 1107 1029 1155 erat
1048 1093 1184 1180 ἀναρχία,

55 1203 243 1274 magistratus
267 1200 522 1268 contemnebantur,
546 1208 607 1257 tota
624 1203 740 1258 Jndneu
763 1203 794 1257 e'n
811 1203 980 1258 seditionem
1001 1195 1187 1275 conspirabat

18 1288 23 1300 ’
56 1321 115 1360 non
144 1318 226 1364 secus
255 1318 289 1360 ao
317 1303 344 1358 si
371 1303 453 1360 nolti
480 1303 589 1375 fumosi
621 1313 705 1362 nocta
743 1321 804 1360 enm
840 1306 948 1378 alodiis
981 1308 1185 1363 discurrerent.

56 1406 204 1479 inprimis
225 1405 447 1476 Hierosolymis.
492 1403 615 1464 Confert
636 1404 698 1466 Jos.
722 1405 753 1464 B.
776 1403 810 1478 ll,
828 1403 876 1466 ll.
921 1405 1134 1482 Harenhergus
1156 1419 1184 1481 p.

58 1503 134 1566 274.
152 1504 279 1568 maxime
299 1503 426 1568 Neronis
449 1505 652 1584 imperiumst
675 1507 751 1586 ipsis
774 1508 896 1570 ludaeis
916 1509 1119 1588 perniciosum
1143 1508 1187 1570 sl·

58 1607 192 1686 gallicani
208 1615 320 1668 censet.
344 1605 512 1670 Herderus:
535 1609 600 1672 Von
624 1609 685 1670 ihm
703 1611 791 1684 (dicit
806 1621 903 1672 autem
919 1611 1107 1689 Eleazarum)
1132 1627 1187 1689 zog

56 1709 122 1771 sieh
145 1708 193 1769 dle
215 1707 399 1785 Uuorduung
420 1709 480 1769 und
502 1709 688 1772 Finsternlss
704 1729 771 1772 111111
783 1712 965 1774 Firmament
980 1713 1092 1774 hinaul.
1134 1711 1189 1774 Die

57 1811 253 1889 Obrigheiten
265 1811 445 1874 Jerusalems
461 1812 509 1872 dle
523 1813 628 1874 hisher
640 1815 717 1876 noch
728 1815 847 1893 gelinde
859 1813 950 1893 Wege
959 1829 1114 1894 gegangen
1127 1830 1188 1876 na-

56 1935 123 1989 ren,
147 1914 269 1976 theilten
284 1915 358 1986 sich,
376 1914 422 1975 ihr
438 1914 528 1976 Glanz
540 1918 620 1978 ward
634 1918 813 1980 rerfinslert.
843 1917 898 1978 nia
912 1917 1033 1978 Zeloten
1047 1910 1189 1978 haresch-

57 2027 118 2090 ten,
136 2016 184 2077 die
199 2015 414 2094 Verstindigen
431 2017 566 2079 seulzten
584 2019 645 2080 und
660 2020 853 2082 vermochlan
869 2020 976 2082 nichts.
1011 2020 1072 2082 Nos
1085 2026 1189 2082 contra
1293 2073 1296 2080 ,

56 2117 138 2180 haud
153 2116 257 2197 procul
276 2117 425 2197 exaliqua
444 2128 528 2198 parte
552 2121 697 2219 distamus
710 2141 726 2183 a
739 2123 895 2186 Bossueto.
941 2123 1041 2186 Solem
1064 2123 1192 2185 enimet

57 2223 161 2284 lunam
184 2229 213 2282 et
228 2220 330 2282 stellas
346 2221 472 2299 caligine
486 2241 645 2300 percussas
658 2243 726 2286 esse
742 2225 812 2286 inde
825 2225 1104 2308 explicamusquod
1118 2243 1190 2306 pro·

58 2325 179 2406 phetiae
191 2324 334 2404 lugubres
352 2334 518 2386 evenerunt
537 2333 566 2386 et
585 2326 632 2388 lex
646 2328 766 2406 neglegi
782 2329 889 2408 eoepit.
920 2329 1192 2409 113111331113113111ό

60 2431 119 2492 11113
134 2428 291 2507 separatim
307 2427 451 2502 dicemus,
465 2427 594 2491 1311313
610 2429 645 2491 ab
661 2429 800 2492 omnibus
815 2431 928 2492 serrari
945 2431 1044 2493 axilla
1058 2441 1192 2510 tempora

62 2551 124 2596 non
152 2531 249 2613 potuit
278 2549 313 2593 311
343 2551 401 2612 quo
426 2532 537 2594 zelatae
565 2533 752 2596 adversarios
777 2553 793 2595 a
823 2534 934 2614 templo
964 2534 1190 2614 prohibuerunt.

61 2639 123 2700 los.
142 2637 174 2697 Β.
198 2636 237 2709 11,
263 2634 314 2710 17,
337 2634 366 2696 6.
410 2635 467 2696 Sed
491 2635 623 2698 nondum
644 2636 714 2698 lmis
734 2635 909 2716 prophetiae
931 2634 1068 2717 legisque
1086 2648 1194 2715 reapse

61 2749 185 2804 venerat
207 2757 298 2820 quare
321 2741 407 2800 tertia
430 2740 526 2801 solum
548 2757 618 2819 pars
642 2759 744 2802 eorum
759 2741 915 2802 obscurata
936 2739 1032 2801 luisse
1052 2736 1192 2818 perhihe-

60 2855 119 2907 tur.
165 2843 246 2906 Idam
270 2843 333 2904 lere
355 2841 456 2913 dicere
477 2842 612 2910 rideatur
634 2843 714 2924 quod
736 2843 923 2923 adiungitur:
948 2844 1028 2904 diem
1047 2859 1082 2903 31
1105 2843 1193 2904 131113

59 2957 145 3029 parte
174 2966 235 3008 non
260 2946 373 3008 luxisse
405 2954 434 3008 et
469 2953 587 3010 noctem
616 2946 754 3008 similiter
790 2945 819 3007 h.
850 2965 885 3007 3.·
904 2946 1201 3024 diemnoetemque·

60 3055 170 3115 triente
197 3052 387 3114 obscuriores
416 3052 509 3114 laotos
539 3069 606 3113 esse
636 3069 722 3130 quam
752 3068 819 3112 eum
855 3049 918 3112 sole
947 3049 1077 3128 lunaque
1104 3052 1195 3126 prout

62 3156 164 3220 solent
193 3154 349 3217 illuminati
383 3163 461 3216 sunt.
516 3152 673 3230 (Conferas
696 3172 733 3215 ex
764 3152 901 3234 opposito
932 3150 987 3214 lsa.
1010 3150 1105 3224 XXX,
1134 3145 1195 3208 26:

62 3272 193 3327 1311113111
223 3271 298 3324 steen
326 3269 428 3323 nterim
456 3268 528 3322 nani
558 3258 637 3338 quod
666 3257 832 3337 explicatur
868 3256 967 3318 statim
998 3252 1195 3336 sequentibus

65 3377 170 3433 neuen
194 3375 286 3427 nsum
307 3361 401 3440 nane)
446 3363 516 3425 Dies
538 3362 619 3423 enim
645 3369 692 3423 cst
712 3361 790 3421 dicio
811 3360 894 3433 solis,
918 3378 976 3420 nox
999 3359 1077 3420 dicio
1097 3358 1194 3419 lunae.

63 3476 170 3550 ltaque
192 3487 253 3530 non
275 3465 402 3545 amplius
426 3465 463 3526 iis
487 3464 595 3527 licebat
616 3465 715 3526 virere
737 3463 793 3526 sub
815 3462 904 3542 pleno
929 3463 1043 3524 laustae
1065 3459 1196 3542 prophe-

61 3575 124 3636 tiae
146 3570 258 3633 lumine
281 3587 336 3630 neo
355 3567 414 3629 rita
437 3567 541 3645 legalis
565 3566 786 3645 impedimentis
804 3564 944 3627 destituta
966 3571 1038 3626 erat.
1095 3589 1105 3606 ·

168 3673 211 3735 hd
231 3690 258 3732 v.
285 3668 335 3731 le.
359 3668 482 3731 hleasar
504 3669 648 3748 explicat:
670 3669 808 3750 aquilam,
831 3668 994 3750 sapientiae
1014 3667 1194 3748 symbolum,

63 3795 122 3857 per
147 3774 261 3836 caelum
288 3773 318 3834 h.
343 3791 369 3834 e.
400 3772 557 3836 ecclesiam
587 3770 776 3834 christianam
804 3773 904 3835 volare
933 3782 962 3834 et
991 3770 1195 3833 habitantibus

65 3881 98 3944 in
122 3887 218 3952 terra,
241 3877 379 3951 iudaeis,
403 3876 478 3937 mala
500 3873 651 3938 nunciare.
697 3875 771 3954 hpte
795 3877 914 3939 Grotius
935 3875 1010 3937 illud
1031 3875 1092 3940 Vae
1115 3893 1198 3936 com-

66 3992 152 4060 parat
182 3978 261 4060 quod
283 3979 371 4041 iesus
403 3977 453 4040 ille
485 3996 540 4058 per
566 3986 680 4056 septem
708 3995 802 4039 annos
828 3977 985 4040 continuos
1018 3977 1197 4038 rocileratus

68 4091 125 4146 331.
171 4083 288 4163 Optime
309 4082 477 4144 Herderus:
500 4082 553 4144 der
567 4079 716 4142 romische
735 4080 825 4142 lldler
843 4082 901 4160 llog
920 4080 992 4160 jetzt
1005 4078 1098 4141 durch
1113 4077 1198 4140 flim-

68 4187 145 4249 mels
175 4186 277 4249 blitten
305 4188 367 4250 und
396 4187 469 4248 niel:
501 4183 608 4264 „wehl
638 4185 721 4248 weh!
751 4185 804 4246 aul
828 4180 929 4247 solchc
954 4185 1049 4264 Dioge
1075 4183 1198 4247 werden

69 4289 308 4354 schreehliohere
333 4289 477 4368 lolgen“;
506 4308 539 4352 er
569 4289 631 4352 riel
652 4287 815 4368 gleichsam
843 4286 937 4349 sehon
969 4286 1053 4348 selue
1082 4286 1200 4348 Bruder
1235 4293 1237 4298 “

68 4415 140 4460 ziam
168 4394 389 4476 heichenlelde.
440 4393 573 4477 Namque
600 4385 680 4461 ὅπου
704 4377 800 4489 idcir
825 4386 860 4456 τὸ
882 4391 993 4473 πτῶμα
1019 4389 1082 4455 insi
1102 4409 1201 4455 enro-
