2900 5054
806 301 830 366 4

257 485 353 548 rimis.
396 481 490 541 Porro
511 505 551 520 -·
572 483 606 535 ut
629 473 803 534 vocabulum
827 470 973 552 quoddam
997 463 1115 530 afferam
1139 468 1176 528 de
1200 485 1258 548 quo
1281 474 1388 547 postea

257 589 345 652 nobis
359 580 571 644 disserendum
591 578 647 639 crit
670 608 711 622 -
734 591 821 656 quam
845 574 924 634 inest
942 571 1096 649 multiplex
1111 569 1258 630 sententia
1271 567 1389 628 vorbis:

260 694 316 774 ἔχω
338 682 392 768 τὴν
413 677 568 765 nspoopq'on
615 682 697 754 Quae
721 679 746 740 si
774 677 842 761 quis
866 677 945 738 dicat
971 661 1199 752 interrogandus
1220 680 1282 734 eat:
1316 671 1389 750 quid

258 791 375 854 tandem
399 785 454 846 tibi
474 781 545 844 ris?
577 779 714 844 Habesne
736 779 856 860 aliquod
888 787 1029 858 putamen
1055 777 1101 836 rel
1130 771 1323 836 folliculum?
1353 789 1390 832 au

259 911 357 958 arcem
382 885 528 969 quandam
550 883 662 946 tenes?
688 903 725 944 an
748 884 925 946 seutentiam
948 881 1015 944 libri
1040 879 1197 942 obscuram
1218 879 1275 938 iam
1298 876 1392 938 intel·

259 992 360 1076 legis?
387 1009 423 1052 an
447 987 586 1050 invenisti
608 987 773 1065 scripturae
803 993 891 1064 caput
914 984 991 1064 quod
1016 979 1203 1062 quaerebas?
1231 997 1267 1040 an
1290 976 1391 1040 conti-

259 1117 334 1160 nens
356 1087 550 1170 argumenti?
576 1105 613 1149 an
638 1086 913 1166 copiampossides
936 1079 1174 1162 nescioquam?
1205 1088 1235 1142 et
1262 1080 1288 1140 si
1313 1095 1391 1158 quae

261 1205 330 1262 sunt
352 1195 417 1256 alia.
463 1191 535 1252 Nam
558 1186 681 1278 περιοχὴ
704 1208 792 1252 amne
815 1199 862 1250 est
879 1205 1058 1268 quocunque
1078 1186 1189 1265 aliquid
1205 1183 1392 1246 continetur:

260 1291 463 1380 περικάρπιον
482 1289 641 1373 περίβολος
663 1287 804 1369 περίοδος
818 1284 966 1372 περικοπή
989 1287 1168 1367 (scripturae
1182 1301 1301 1359 sacrae:
1327 1285 1392 1344 nor.

264 1429 343 1506 t'ltt,
363 1427 413 1491 32.
435 1427 521 1490 reso,
535 1407 679 1517 i—OQQ·
705 1439 808 1490 nanum
831 1428 951 1509 ploro),
973 1445 1061 1506 porro
1083 1431 1229 1486 continens
1248 1442 1304 1504 qua
1322 1441 1393 1484 sen-

262 1553 355 1616 tentia
376 1565 519 1611 suminam
542 1547 707 1624 argumenti
729 1547 891 1626 significat,
921 1554 975 1606 cet.
1021 1546 1132 1606 Eodem
1156 1545 1244 1605 modo
1266 1543 1391 1604 verbum

262 1657 338 1740 ἔχειν
375 1649 521 1712 latissime
555 1658 656 1728 patere
693 1667 780 1708 nemo
819 1647 923 1709 nescit.
977 1645 1102 1708 Taceam
1139 1645 1391 1724 praepositiones.

263 1755 340 1818 Sane
363 1773 450 1828 vero,
473 1751 565 1813 dicas.
611 1754 647 1812 m
672 1771 735 1812 eam
760 1752 855 1830 ipsam
883 1750 920 1811 ob
951 1750 1171 1828 ambiguitatem
1201 1766 1287 1808 nemo
1319 1747 1392 1807 adeo

263 1877 351 1938 parce
374 1855 514 1937 loquitur.
560 1853 707 1916 Concedo.
753 1853 811 1914 Sed
836 1855 930 1928 addo,
962 1873 1060 1934 neque
1082 1873 1166 1926 eum,
1201 1853 1250 1932 qui
1278 1851 1393 1928 allego-

264 1959 362 2036 gorias
386 1956 554 2036 componit,
579 1956 644 2015 talia
669 1956 783 2032 singula
806 1957 953 2033 proferre.
998 1957 1077 2034 Ergo
1100 1965 1129 2017 et
1158 1955 1207 2015 bic
1235 1962 1264 2014 et
1292 1953 1394 2013 illice

264 2078 342 2120 nexu
365 2058 470 2119 latiore
493 2057 719 2117 diiudicandum
740 2057 804 2118 erit.
850 2057 989 2118 Proiecto
1013 2059 1206 2136 saepissime,
1234 2075 1272 2118 ne
1296 2057 1393 2116 (licam

266 2177 394 2238 semper,
412 2177 448 2218 ex
466 2157 530 2219 solo
550 2158 707 2219 vorborum
731 2177 808 2220 nexu
831 2159 1021 2238 perspicuum
1045 2160 1077 2220 fn
1095 2161 1165 2240 quid
1189 2178 1278 2222 unum
1297 2160 1395 2240 quod-

266 2280 323 2341 que
345 2259 521 2320 vocabulum
542 2271 623 2321 certo
647 2261 774 2340 quodam
803 2263 868 2322 loco
898 2262 955 2324 sibi
987 2263 1073 2336 velit3
1105 2263 1207 2323 itidem
1235 2261 1264 2322 in
1286 2262 1394 2338 imagi-

265 2381 335 2422 num
360 2361 459 2438 lingua
477 2380 563 2440 quarn
582 2361 769 2440 allegoricam
791 2383 947 2425 secamus:
979 2384 1013 2425 ea
1035 2373 1131 2424 tamen
1155 2363 1323 2426 differentia
1347 2365 1392 2424 in-

265 2463 406 2542 terposita
429 2471 462 2522 ut
480 2483 547 2526 oum
571 2464 633 2525 illic
657 2465 832 2528 vocabulum
864 2469 1004 2528 alienatur
1029 2467 1166 2544 garrerale
1192 2487 1251 2548 quo
1275 2469 1393 2546 species

266 2583 327 2628 nou
348 2565 503 2638 delinitur,
534 2568 582 2628 bic
600 2576 726 2646 ponatur
745 2587 792 2627 res
814 2569 958 2648 quaedam
977 2577 1132 2642 constans,
1166 2589 1241 2650 quae
1271 2579 1316 2630 est
1341 2589 1393 2631 na·

266 2681 330 2730 tura
354 2667 538 2741 rci‚1nnltis
561 2667 802 2746 proprietatibus.
847 2667 881 2728 E.
897 2688 923 2729 o.
946 2669 1001 2728 soli
1024 2667 1137 2748 aliquid
1157 2689 1322 2750 comparas.
1360 2673 1394 2732 m

266 2781 387 2834 naturae
417 2771 482 2832 eius
507 2769 692 2832 calefacienti
719 2788 755 2830 an
778 2771 888 2831 lucenti
919 2790 955 2832 an
980 2771 1116 2852 utrique,
1144 2791 1181 2834 au
1210 2772 1329 2833 ardenti
1359 2792 1392 2834 an

266 2873 369 2934 oculos
399 2871 646 2951 praestringenti3
686 2891 723 2933 an
758 2872 837 2934 aliud
867 2875 938 2954 quid
967 2874 1121 2952 proprium
1155 2875 1221 2936 cius
1252 2871 1392 2937 indicas?

266 2974 360 3040 Porro
384 2977 414 3038 in
438 2977 548 3057 scripto
573 2977 733 3056 allegorico
764 2987 866 3038 auctor
896 2984 993 3037 utatur
1023 2977 1158 3038 vocabuli
1190 2977 1291 3040 maris.
1338 2980 1393 3039 Vo-

267 3079 361 3140 luitne
392 3079 457 3140 cius
488 3079 719 3156 prolanditatem
747 3096 784 3136 an
821 3078 1048 3139 amaritudinem
1084 3099 1121 3140 an
1155 3082 1320 3142 vastitatem
1359 3101 1395 3142 an

267 3179 406 3242 aestum?
440 3181 504 3240 b'on
528 3179 627 3240 miuus
656 3180 705 3240 bic
728 3180 994 3259 circumspectione
1024 3192 1054 3242 et
1076 3183 1229 3260 diligentia
1252 3202 1328 3262 opus
1350 3193 1395 3244 est

268 3285 423 3364 interpreti
447 3293 535 3364 atque
558 3285 588 3346 in
612 3284 791 3364 reperiendo
820 3285 902 3346 verbi
932 3304 1019 3346 causa
1050 3294 1117 3364 apto
1146 3287 1314 3366 significatu
1345 3307 1395 3348 ro-

268 3387 363 3450 cabuli
388 3387 468 3448 illius
491 3381 656 3464 ὑπόστασις
678 3386 768 3448 llebr.
792 3387 848 3462 lll;
880 3406 936 3448 nac
961 3397 1059 3448 tamen
1082 3388 1218 3448 licentius
1244 3387 1394 3467 philologo

268 3493 419 3573 pervagari
442 3499 556 3572 potest:
582 3489 692 3572 ubique
714 3491 937 3554 decernendum
959 3509 976 3550 a
999 3509 1076 3552 nexu
1100 3499 1129 3550 et
1143 3490 1280 3551 universa
1295 3500 1394 3552 aucto-

269 3595 311 3656 ris
340 3595 498 3657 seutentia.
541 3595 578 3656 Et
605 3595 682 3655 sicut
712 3613 737 3654 e.
761 3612 789 3670 g.
821 3595 853 3654 iu
884 3595 988 3656 eadem
1020 3594 1146 3674 epistula
1177 3595 1213 3656 ad
1242 3595 1393 3658 Hebraeos

270 3697 336 3757 data
359 3690 493 3777 διαθήκη
516 3713 574 3754 uon
598 3711 718 3772 semper
740 3694 846 3756 foedus
869 3695 1030 3772 significat,
1061 3713 1164 3757 rarum
1196 3696 1282 3758 etiam
1305 3705 1395 3759 testa·

269 3801 420 3867 mentum,
445 3795 515 3874 quid
539 3795 567 3854 ei
590 3795 750 3874 opprobrio
774 3814 842 3858 asse
865 3803 963 3874 potest
985 3797 1034 3876 qui
1058 3797 1088 3857 in
1106 3795 1257 3875 allegoriis
1274 3817 1394 3878 compo-

269 3897 378 3957 nendis
401 3895 524 3956 eandem
553 3895 711 3974 imaginem
741 3897 868 3958 diversis
898 3897 973 3959 locis
1005 3899 1036 3958 in
1068 3897 1203 3962 diversas
1233 3903 1393 3964 sententias

270 3993 431 4059 adhibeat?
468 3991 499 4056 Si
531 3997 598 4076 quis
622 4015 691 4058 vero
713 3999 862 4074 constanti
886 3999 1012 4078 quadam
1035 4000 1136 4078 lingua
1157 4003 1315 4082 allegorica
1339 4007 1395 4068 uti-

270 4108 335 4171 tur,
359 4099 502 4178 optimum
522 4099 697 4178 scriptorem
722 4100 933 4178 perspicuitate
955 4102 1151 4182 aequiparare
1173 4104 1319 4168 dicendus
1339 4117 1394 4169 est,

272 4197 401 4277 Uterque
422 4217 526 4260 rursus
548 4199 603 4262 sub
626 4201 699 4263 olavi
727 4210 774 4262 est
802 4203 898 4265 donec
923 4203 1045 4264 omnino
1068 4204 1168 4282 lingua
1189 4206 1255 4268 eius
1278 4207 1394 4286 ignora·

272 4307 330 4361 tur.
361 4292 457 4362 ¹Sicut
481 4310 577 4363 autam
600 4301 771 4365 scribuntur
790 4303 1000 4366 vocabulorum
1019 4304 1112 4367 lexica
1127 4303 1157 4368 ln
1175 4303 1282 4388 quibus
1301 4310 1394 4371 variae
