2900 5054
794 345 838 416 28

252 532 430 602 Kamusum:
459 554 531 613 χω
549 537 695 611 proventu
722 531 893 606 abundans,
921 513 1020 654 (χὶχζὴ
1038 537 1185 610 proventu
1211 529 1380 592 abundavit

177 729 180 735 .
251 673 305 735 Est
327 690 398 732 vero
421 671 586 732 seeundum
610 673 843 734 masonetbanum
873 661 966 732 antem
995 669 1185 734 scribendum
1209 682 1275 756 pipp!
1304 669 1380 750 quod

252 774 370 854 quidem
403 792 512 835 nomen
536 773 594 834 alio
623 775 688 836 loeo
721 794 780 836 non
802 773 943 836 occurrit.
996 775 1191 852 (Quanquam
1215 772 1379 832 seeundum

251 879 401 958 antiquam
423 874 615 954 scriptionem
640 876 777 937 facillima
801 877 840 937 sit
864 874 1052 954 permutatio,
1076 875 1260 953 superfluum
1284 881 1380 935 tamen

251 976 368 1039 videtur
396 976 528 1040 scribere
556 987 621 1063 ῆηη
645 981 822 1037 abundantia
845 976 924 1057 quod
949 976 978 1035 in
1003 973 1104 1054 oppidi
1127 973 1247 1035 nomine
1271 981 1379 1052 extat).

251 1081 334 1142 idem
365 1081 502 1157 legerunt
533 1075 565 1142 U
590 1079 640 1159 qui
670 1087 790 1141 vertunt
817 1061 928 1164 ’κτὴσις
958 1075 1116 1141 πολλῶν
1145 1079 1280 1149 (temere
1302 1077 1380 1138 enim

250 1184 402 1246 Semlerus
425 1183 455 1243 in
480 1182 565 1262 epist.
588 1183 625 1244 ad
650 1181 766 1244 Griesb.
790 1201 818 1260 p.
838 1177 889 1240 24.
914 1167 951 1240 de
974 1175 1114 1244 nuileio:
1145 1182 1188 1238 lto
1216 1178 1258 1239 ait
1287 1199 1379 1237 οοτπι

246 1300 327 1365 plum
352 1291 409 1364 solt
437 1297 502 1346 unte
527 1289 677 1362 Oripenem
699 1289 730 1344 ιἰι
751 1307 838 1365 κοινη
858 1271 918 1340 'sed
946 1285 1011 1340 inde
1039 1279 1156 1341 atuh
1183 1284 1257 1356 ipsis
1283 1283 1380 1356 soeret

248 1387 384 1457 παλαια;
414 1391 522 1447 similes
550 1391 663 1448 litterae
686 1390 766 1448 Aet
790 1387 824 1447 A
843 1383 1008 1458 mutarunt)
1032 1399 1090 1461 quo
1112 1380 1254 1441 vocabulo
1285 1399 1378 1460 genus

250 1498 388 1552 neutrum
422 1490 591 1570 significare
621 1488 753 1549 voluisse
787 1486 924 1548 videntur
959 1492 990 1546 ut
1019 1484 1164 1564 intellegit
1195 1484 1282 1545 etiam
1315 1485 1377 1565 Syr.

248 1627 370 1706 Hexapl.
403 1597 594 1743 ill-affl.
640 1624 685 1687 Uti
717 1643 785 1686 vero
814 1640 920 1702 graeca
950 1622 998 1684 illa
1024 1623 1113 1684 verba
1137 1631 1264 1702 possunt
1285 1613 1377 1690 'etiam

248 1748 417 1828 significare
445 1745 666 1826 possessiouem
695 1762 781 1825 quam
816 1742 902 1806 multi
932 1748 1049 1814 tenent,
1088 1741 1129 1804 ita
1163 1742 1266 1806 eadem
1301 1743 1378 1806 inest

249 1848 425 1927 ambiguitas
465 1847 607 1908 vocabulo
645 1845 810 1918 Hebraieo;
852 1863 919 1905 nam
956 1862 1029 1922 opes
1071 1844 1270 1908 multitudinis
1313 1847 1377 1928 qui-

249 1950 304 2012 bus
335 1967 408 2029 opes
438 1947 544 2010 multas
574 1948 708 2010 indicare
742 1946 852 2020 voluit,
889 1945 988 2026 possit
1021 1946 1109 2006 etiam
1143 1944 1250 2026 aliquis
1284 1947 1376 2008 inter-

248 2052 360 2132 pretari
391 2051 429 2113 de
458 2051 564 2130 opibus
594 2069 666 2130 quas
699 2051 856 2112 multitudo
887 2051 1029 2131 quaedam
1057 2049 1210 2112 bominum
1233 2051 1376 2130 possidet.

250 2157 346 2237 Atque
380 2155 419 2216 ita
453 2154 572 2234 quidem
603 2154 652 2214 illa
682 2149 806 2238 περιοχὴ
837 2153 895 2216 τοῦ
924 2150 1005 2216 λαοῦ
1035 2159 1102 2212 nata
1133 2162 1188 2212 est.
1241 2149 1376 2236 Περιοχὴ

151 2320 153 2325 s
249 2276 320 2320 vero
343 2258 372 2318 h.
396 2257 415 2316 l.
440 2275 500 2317 uon
523 2255 671 2334 signifieat
689 2256 872 2335 praesidium
895 2255 942 2317 vel
964 2254 1160 2316 munitionem
1183 2255 1263 2335 quod
1291 2258 1376 2320 etiam

249 2357 434 2440 Epiphanius
457 2358 575 2420 censuit
595 2357 677 2419 haer.
703 2357 759 2419 78:
793 2353 908 2441 ὠβλίαν
934 2352 1028 2422 αὐτὸν
1050 2351 1086 2420 τὸ
1108 2356 1235 2438 πλῆθος
1262 2353 1318 2420 διὰ
1345 2355 1378 2423 τὸ

249 2463 304 2546 τὴς
332 2457 439 2544 ἀρετῆς
467 2460 598 2544 μέγεθος
624 2458 675 2522 καλ
696 2456 751 2545 τὴν
772 2453 849 2540 πρὸς
871 2455 907 2522 τὸ
931 2461 1023 2523 θεῖον
1044 2465 1217 2540 παρρησίαν
1238 2463 1378 2524 τουτέστι

250 2556 395 2645 περιοχὴν
423 2558 474 2624 καλ
502 2565 615 2644 σκέπην
639 2565 696 2626 τοῦ
721 2560 803 2627 laod
830 2556 1053 2642 κατανόμαζον.
1096 2561 1150 2622 Est
1176 2562 1276 2642 potius
1300 2564 1376 2626 idem

252 2666 330 2746 quod
354 2676 417 2746 tit-t.
461 2663 532 2726 Nam
555 2684 642 2745 quam
664 2665 721 2727 late
743 2665 884 2747 περιοχῆς
899 2662 1071 2724 vocabulum
1092 2671 1190 2742 patent
1212 2663 1270 2725 iam
1289 2685 1377 2745 supra

250 2786 279 2846 p.
302 2765 333 2827 4.
358 2767 501 2845 exposui,
527 2775 615 2848 atque
640 2767 715 2828 aliae
737 2765 969 2847 significationes
992 2765 1028 2826 ad
1051 2785 1141 2844 supra
1164 2767 1265 2830 allatas
1289 2771 1376 2832 adiici

248 2875 374 2948 possunt
396 2876 431 2930 ut
449 2873 641 2948 περιπέτεια,
663 2869 776 2953 θλῖηας
799 2879 828 2932 et
851 2870 957 2931 Ezeeh.
980 2871 1044 2943 XII,
1071 2870 1120 2932 13.
1144 2872 1232 2946 XVII,
1254 2870 1309 2935 20.
1331 2876 1376 2935 ed.

250 2972 353 3052 quinta
372 2989 407 3054 ψ,
429 2972 519 3046 LXV,
545 2971 601 3034 ll:
635 2969 866 3055 ἀμφίβληστρον
887 2980 942 3034 eet.
966 2973 1010 3033 ct.
1035 2973 1177 3054 Stephani
1203 2973 1375 3038 thesaurum

250 3084 280 3138 et
301 3076 395 3138 lexioa
418 3077 455 3138 ad
475 3070 522 3149 Of,
553 3077 588 3138 ad
610 3076 677 3138 libr.
701 3093 817 3152 speon,
846 3073 882 3133 ad
905 3073 938 3135 N.
963 3074 997 3135 Τ.
1043 3075 1097 3136 Ubi
1119 3076 1286 3154 exemplum
1310 3079 1373 3158 qui·

251 3180 319 3242 dem
347 3179 440 3240 ullum
469 3179 555 3240 deest
583 3177 647 3238 eius
677 3173 860 3252 significatus
889 3193 976 3254 quem
1004 3175 1069 3238 loeo
1095 3184 1197 3240 nostro
1225 3177 1375 3256 ponimus

247 3291 277 3344 at
313 3281 421 3342 desunt
454 3279 504 3341 alii
538 3297 658 3360 quoque
689 3295 765 3359 quos
800 3279 1024 3342 auetoritatibus
1056 3281 1151 3344 allatis
1180 3283 1376 3363 comprobare

246 3381 327 3444 lieet.
370 3384 414 3444 Ita
435 3380 520 3442 Philo
546 3384 591 3455 Π,
619 3378 683 3444 488
710 3379 766 3442 ait:
796 3379 914 3463 λέγεται
936 3385 1036 3446 τοίνυν
1058 3381 1074 3445 ὃ
1098 3378 1213 3464 κόσμος
1241 3384 1319 3450 καθ’
1345 3392 1378 3452 ἓν

246 3482 303 3566 μὲν
324 3487 447 3565 πρῶτον
472 3478 611 3567 σύστημα
634 3484 666 3561 ἐξ
688 3479 818 3566 οὐρανοῦ
842 3481 892 3546 καλ
919 3478 1038 3563 ἄστρων
1059 3482 1137 3546 κατὰ
1159 3484 1299 3570 περιοχὴν
1322 3490 1377 3570 γὴς

246 3585 299 3652 καὶ
321 3587 381 3650 τῶν
402 3581 447 3650 ἐπ’
469 3581 564 3668 αὐτῆς
584 3581 665 3660 ζολοιν
686 3583 739 3648 καὶ
759 3587 872 3662 φυτῶν.
916 3582 1005 3651 Καθ’
1030 3589 1130 3668 ἕτερον
1152 3585 1187 3652 δὲ
1206 3586 1302 3669 μόνος
1324 3590 1376 3656 σιἰ-

248 3681 338 3767 ρανόε
357 3682 420 3746 κτλ.
465 3685 521 3744 Ubi
543 3685 570 3746 si
592 3684 687 3746 adbuc
708 3685 828 3745 dubium
849 3685 944 3748 videri
964 3689 1061 3766 possit
1079 3691 1149 3769 quid
1169 3692 1228 3754 sibi
1248 3694 1376 3758 voluerit

247 3783 346 3848 verbis
367 3780 446 3848 κατὰ
464 3779 624 3868 περιοχὴν,
654 3784 736 3862 legas
762 3803 837 3866 quae
859 3805 927 3848 mox
949 3798 1129 3868 sequuntur:
1157 3796 1213 3858 νῦν
1233 3790 1272 3859 de'
1292 3798 1378 3860 ἐστιν

246 3887 266 3976 ὴ
288 3891 395 3974 σκέψις
416 3887 484 3970 περὶ
504 3889 561 3952 τοῦ
582 3883 699 3969 κόσμου
718 3891 774 3954 τοῦ
797 3886 876 3954 κατὰ
898 3886 933 3954 τὸ
954 3893 1074 3971 πρώιον
1096 3891 1320 3978 σημαινόμενον
1341 3895 1376 3978 ὃς

246 3986 278 4071 ἒξ
300 3989 431 4076 ου’ρανοῠ
456 3990 507 4056 καλ
534 3990 665 4077 χὴςκαλ
692 3993 753 4056 τῶν
782 3989 814 4055 ἓν
835 3988 939 4068 αὐτοῖς
961 3993 993 4069 ἐξ
1014 3983 1056 4056 ὧν
1078 3995 1249 4078 συνέστηκε.
1293 3999 1376 4062 Valet

246 4099 338 4180 igitur
359 4097 452 4159 illud:
481 4114 542 4158 non
570 4104 691 4174 excepta
714 4104 790 4157 term
816 4095 869 4158 sed
892 4095 980 4157 simul
1006 4097 1230 4174 comprehensa.
1276 4100 1375 4164 Gene-

247 4199 425 4264 ralissimam
458 4218 528 4261 vero
556 4199 691 4262 vocabuli
723 4199 874 4262 notionem
904 4199 997 4278 probo
1028 4219 1064 4262 ex
1094 4202 1221 4266 Philone
1255 4206 1307 4286 qui
1343 4207 1375 4268 in

247 4306 332 4385 ἐρωτ.
354 4305 398 4376 εἰς
418 4299 495 4378 egat.
539 4303 658 4368 demon.
682 4323 710 4386 p.
735 4300 807 4368 541.
838 4304 933 4366 series
957 4305 1099 4385 quasdam
1124 4323 1267 4370 enarrans
1295 4309 1376 4374 sieut

245 4405 306 4488 ἕξις
333 4401 420 4472 ἑκτὸν
447 4407 539 4490 ἔχειν,
569 4397 674 4492 ὅρασις
702 4405 815 4493 ὁρατὸν
836 4405 929 4491 δρᾶν,
955 4404 1032 4494 ἀκοὴ
1062 4405 1214 4478 ἀκουστὸν
1241 4406 1375 4494 ἀκούειν,
