2900 5054
782 343 823 412 38

243 521 411 586 cedentium
434 521 586 609 stoiisrmp
609 519 791 598 depinxerat,
816 517 874 580 iarn
897 525 932 578 ex
955 513 1045 578 attera
1067 521 1151 594 parte
1171 513 1318 578 describit
1338 521 1371 576 ut
1436 531 1437 534 ¹

244 624 317 686 caeli
340 642 355 686 a
376 621 498 684 iudaeis
520 620 742 688 detractionem.

343 723 386 786 De
408 723 585 802 migratione
605 740 639 783 no
661 719 833 782 secessione
856 717 1000 778 montium
1023 724 1053 778 et
1067 716 1233 778 insularum
1251 718 1372 780 dIeasor

243 825 301 886 ait:
327 829 410 884 αιαοι
430 827 567 884 Romoois
597 827 692 884 obires
720 832 805 898 utque
832 823 1033 896 impedimenta
1053 823 1089 878 do
1108 823 1201 880 medio
1222 824 1326 880 toliere
1348 832 1373 881 et

244 929 430 1002 difficultates
457 930 599 1002 quoslibet
627 928 809 1002 eomplenore
838 941 891 1000 pun
916 927 1091 982 Jodeeonoo
1116 928 1291 1000 suppttor'um
1313 936 1373 984 too·

245 1032 307 1087 dem
329 1033 481 1088 sortiretur
498 1034 634 1104 effaetum.
680 1029 867 1090 Wetstenus:
891 1039 1000 1086 montes
1022 1038 1049 1086 et
1070 1031 1184 1087 toruior
1207 1041 1304 1088 tenos
1317 1049 1373 1089 κιο-

246 1133 320 1190 tibus
341 1133 508 1206 quatiuntur
524 1131 661 1204 proprie:
692 1132 811 1202 mystiee
838 1131 1038 1203 inteliipuretur
1058 1138 1151 1188 motus
1172 1133 1203 1188 iu
1223 1133 1374 1205 republica

244 1236 379 1293 Judaieo.
423 1231 481 1292 Sed
503 1231 671 1292 accuratius
686 1229 898 1291 definiendum.
929 1229 1144 1292 Oeeumenins:
1170 1231 1204 1292 oi
1223 1225 1289 1294 κατ’
1311 1231 1374 1306 ἐξο-

244 1331 300 1420 χὴν
320 1335 380 1398 εἴτε
401 1331 653 1416 ἔνκλρσιασκικῆς
675 1327 816 1408 εὐταξίας
836 1331 896 1396 εἴτι
909 1331 1056 1414 κοσμικῆς
1076 1328 1254 1405 δυναστείας
1277 1326 1373 1410 donip-

244 1457 345 1517 χσνσες
364 1430 422 1519 ὅρρ
444 1437 594 1516 τροπικῶς
622 1430 858 1515 ὀνομαζόμενοι,
885 1436 920 1496 οἵ
939 1455 971 1494 τε
992 1433 1053 1495 τῶν
1079 1435 1196 1496 πιστῶν
1217 1433 1375 1515 ἐκκλησίαι

245 1539 455 1616 μεταφορικῶς
483 1539 576 1618 νῆσοι
602 1531 788 1616 καλούμεναι
809 1537 841 1598 ἐκ
870 1535 932 1598 τῶν
961 1527 1060 1618 τόπων
1083 1529 1185 1598 αὐτῶν
1204 1528 1374 1612 φεύξονται.

245 1639 283 1700 Et
303 1639 338 1701 ad
360 1639 434 1711 XVI,
455 1636 514 1698 20:
544 1633 654 1721 νήσους
678 1636 732 1712 τὰς
758 1636 917 1719 ἐκκλησίας
944 1634 995 1700 καὶ
1024 1632 1081 1718 ὄρη
1112 1631 1182 1708 τοὺς
1210 1637 1244 1698 ἐν
1268 1631 1376 1711 αὐτοῖς

246 1735 434 1824 προύχοντος
466 1748 550 1804 νοεῖν
582 1735 769 1802 ἀκόλουθον.
832 1739 893 1800 Iam
923 1736 1106 1816 Theophilus
1140 1737 1177 1796 ad
1206 1735 1305 1796 Autoi.
1336 1735 1375 1796 li.

246 1842 353 1902 insulis
381 1841 524 1904 ecelesias
555 1841 744 1920 comparavit.
795 1843 930 1902 Attamen
963 1821 1118 1902 derebus
1146 1839 1279 1902 Judaiois
1309 1857 1376 1900 ser-

247 1961 295 2002 mo
316 1942 357 2004 fit.
403 1943 462 2005 Nee
488 1952 615 2023 possunt
640 1952 756 2004 montes
785 1943 1036 2022 essepriooipes
1068 1941 1270 2021 reipublicae,
1302 1941 1375 2003 alias

247 2045 329 2108 euim
354 2045 434 2108 idem
458 2047 610 2108 diceretur
638 2065 664 2107 v.
694 2042 731 2106 to
756 2065 802 2125 sq.
834 2055 864 2106 et
887 2045 1040 2124 principes
1069 2063 1129 2106 non
1158 2052 1282 2123 possent
1309 2063 1377 2106 sese

247 2145 485 2209 absconderem
508 2149 668 2210 ruentibus.
714 2149 811 2221 Quare
840 2165 908 2208 oum
931 2155 1048 2208 montes
1079 2165 1168 2226 saepe
1190 2163 1283 2224 regna
1315 2147 1378 2208 siut

248 2241 323 2324 (λεν.
347 2246 441 2318 XVII,
461 2248 498 2320 ¹3.
519 2249 574 2321 LI,
604 2245 657 2310 25.
689 2248 776 2310 Zaob.
799 2248 853 2322 IV,
877 2245 906 2308 7.
929 2265 965 2327 ψ.
987 2247 1092 2321 XLVI,
1118 2247 1154 2321 4,
1178 2249 1215 2310 oi.
1239 2247 1268 2309 7.
1290 2249 1375 2320 LXV,

213 2411 220 2424 ‚
248 2345 277 2408 7.
300 2346 428 2421 LXVIII,
454 2333 504 2410 17.
526 2349 658 2424 LXXVI,
689 2347 718 2410 b.
742 2349 792 2410 Mt.
816 2349 911 2423 XVII,
927 2347 992 2436 ²⁰:
1015 2349 1069 2410 Lu.
1090 2349 1178 2422 XVII,
1204 2348 1267 2426 6.),
1299 2349 1330 2410 b.
1357 2349 1375 2409 Ι.

246 2449 467 2512 multitudinem
490 2453 635 2532 quantiam
658 2452 811 2516 bominum
836 2471 893 2514 uua
915 2453 1074 2514 vivendum
1098 2453 1292 2530 signideatam
1307 2472 1376 2516 esse

247 2569 403 2627 censeam,
425 2556 601 2633 praesertim
625 2556 715 2618 urbes
737 2564 768 2616 ut
789 2565 906 2616 montes
928 2555 958 2614 in
977 2563 1055 2616 terra
1077 2570 1135 2614 non
1159 2554 1262 2615 iaoites
1286 2571 1377 2632 supe-

248 2660 313 2715 ratu
337 2652 527 2735 hostiumque
550 2656 673 2734 impetui
695 2656 880 2718 resistentes.
926 2655 998 2716 'Iule
1025 2655 1097 2734 quid
1122 2655 1294 2716 Wetstenus
1318 2655 1376 2717 sibi

248 2755 379 2818 voluisse
394 2756 511 2819 videtur
525 2759 576 2837 qui
590 2758 676 2820 effert
696 2759 758 2820 Jus.
775 2758 805 2819 B.
830 2757 867 2830 11,
893 2755 942 2829 16,
967 2753 1006 2816 2:
1030 2753 1243 2838 παρελθοῦσιν
1258 2759 1306 2831 εἰς
1319 2753 1379 2838 τὴν

247 2851 406 2940 reddereris
430 2881 460 2921 ιε
484 2857 599 2943 ἀγοράν
618 2857 817 2944 ἠρημωμένην
830 2856 1049 2924 ὖπεδείκνοσαν
1064 2859 1116 2922 καὶ
1135 2859 1378 2942 πεπορθημένας

247 2951 428 3034 oderisius.
475 2963 579 3045 Νῆσοι
608 2965 677 3026 veru
707 2967 795 3045 (ques
821 2964 989 3026 Wotstenus
1016 2962 1132 3025 videtur
1160 2964 1313 3042 aeeepisse
1339 2967 1378 3027 de

248 3057 386 3123 domibus
400 3063 537 3142 singuiis)
559 3074 593 3128 ut
613 3067 689 3146 apud
711 3059 743 3140 0¹
769 3075 838 3128 suut
854 3066 992 3144 regiones
1008 3065 1129 3126 omniuo
1151 3065 1298 3127 habitatae
1319 3064 1375 3148 (ei.

249 3163 356 3225 Gesen.
379 3167 455 3228 thes.
477 3187 502 3230 s.
526 3188 552 3230 v.
577 3181 613 3242 m,
636 3177 665 3228 et
687 3168 879 3230 Sebieusneri
902 3169 954 3230 lex.
980 3169 1011 3228 in
1031 3167 1065 3228 N.
1090 3169 1123 3228 Τ.
1146 3188 1170 3230 s.
1193 3169 1252 3245 v.);
1275 3169 1377 3251 itaque

248 3265 398 3326 montibus
421 3267 449 3330 h.
467 3267 486 3328 i.
509 3279 699 3349 opponuntur
720 3280 751 3332 ut
772 3271 900 3333 urbibus
922 3289 1063 3334 ruscum
1086 3270 1206 3350 oppidis
1229 3289 1289 3332 ooo
1309 3291 1378 3336 mu·

249 3365 329 3428 uitis.
375 3367 478 3448 Itaque
501 3371 683 3446 delabuntur
722 3381 752 3435 ei
779 3373 897 3436 urbium
926 3371 1074 3450 praesidia
1103 3383 1132 3434 et
1161 3372 1275 3452 refugia
1303 3391 1378 3453 pro-

247 3487 421 3534 viperarum.

353 3574 423 3644 Kot
446 3579 476 3641 oi
496 3576 636 3662 βασιλεῖς
655 3581 708 3661 τῆς
730 3580 786 3663 γῆς
809 3577 905 3652 (reete
927 3575 1050 3638 Atossar
1065 3571 1147 3636 tud:
1171 3595 1293 3637 summos
1314 3583 1377 3640 rei-

243 3683 379 3756 pubtieoe
397 3685 600 3756 poberreotoros
620 3699 689 3742 esse
709 3681 750 3741 aii
771 3678 878 3740 collato
900 3679 955 3740 lsa.
978 3679 1077 3750 XXIV,
1100 3675 1143 3738 22
1166 3679 1216 3740 ubi
1234 3681 1303 3742 vide
1314 3682 1377 3742 Fo-

246 3801 357 3845 rerum.
401 3783 551 3862 Iosephus
573 3783 605 3844 B.
628 3783 672 3856 II,
706 3780 760 3855 12,
783 3780 813 3843 8.
844 3780 987 3860 Lysaniae
1017 3780 1197 3858 toparebiaun
1220 3781 1377 3845 Abiieuarn

247 3887 284 3948 ci.
301 3887 355 3949 Lu.
370 3884 423 3958 Ill,
439 3885 467 3947 l.
487 3894 571 3948 vocat
590 3883 766 3968 βασιλείαν)
789 3883 840 3948 καὶ
862 3888 894 3949 oi
916 3885 1095 3964 pertansires
1116 3881 1284 3962 (magnates
1307 3905 1376 3949 mu-

247 4008 319 4052 nere
343 3988 421 4052 uirili
451 3987 708 4068 inoperosiori
731 3989 761 4050 oi
781 3985 935 4072 χιλίαρχοι
965 3981 1105 4067 (miiitum
1129 3984 1234 4062 doses)
1265 3985 1316 4052 καὶ
1346 3991 1377 4052 oi

246 4086 392 4160 πλούσιοι
416 4091 468 4158 καὶ
487 4096 516 4155 oi
538 4089 655 4175 ἰσχυροὶ
676 4091 828 4172 (homiues
849 4089 956 4169 privati
984 4087 1100 4150 nobiles
1119 4096 1169 4150 aut
1188 4088 1302 4150 divitiis
1325 4099 1377 4152 aut

248 4189 435 4272 auctoritate)
464 4191 592 4267 καὶπῶς
615 4189 726 4266 δοῦλος
746 4193 796 4256 καὶ
820 4186 984 4274 ἐλεύθερος
1006 4192 1156 4272 (quisquis
1179 4192 1224 4254 vir
1241 4193 1376 4271 privatus

248 4297 311 4359 sive
328 4297 404 4358 iiber
427 4315 479 4359 seu
501 4315 615 4359 servus.
660 4297 703 4359 nd
727 4296 918 4374 partitionem
933 4298 1052 4358 omnem
1071 4295 1109 4356 oi.
1126 4295 1239 4357 Euald.
1259 4304 1291 4358 et
1304 4297 1377 4360 zol-

247 4394 315 4482 ligss)
342 4399 479 4483 ἔκρυψαν
502 4395 630 4473 ἑαυτοὺς
651 4400 694 4474 εἷς
718 4395 759 4462 τὰ
786 4391 922 4468 onr'iaeo
948 4397 998 4464 sot
1023 4397 1066 4473 eis
1095 4395 1148 4479 τὰς
1172 4401 1285 4484 πέτραι
1312 4405 1376 4466 τῶν
1415 4423 1420 4440 ·
