2900 5054
1440 3 1443 174 l

1442 239 1443 286 i

806 343 850 408 30

260 504 406 590 comico
427 511 492 574 iure
516 511 672 577 arottero
687 512 706 574 l.
726 513 745 574 l.
764 515 997 593 reprehenditur
1023 522 1121 582 moon
1145 524 1231 580 unius
1261 532 1296 585 ct¹
1314 528 1389 584 cioc-

261 615 323 674 don
343 619 476 676 vocabuli
505 616 662 694 repetitio).
708 616 794 691 Quod
824 618 894 680 ideo
921 621 1090 698 anteposuit
1130 632 1162 684 ut
1198 623 1310 686 relicua
1336 626 1387 688 ob·
1438 569 1443 806 1

260 733 347 776 scura
369 715 419 778 illa
438 739 479 779 ων
501 725 587 782 odon
609 719 707 780 statim
731 719 768 780 ad
788 720 1014 800 explicationem
1038 732 1214 803 sequentem
1236 726 1388 788 relerrou-

259 829 315 881 tur.
346 818 433 892 Quod
452 837 522 880 vero
536 819 572 880 ad
587 819 660 882 haec
675 822 795 895 attinet,
813 823 839 884 si
862 823 930 902 quis
944 824 1037 886 semel
1059 844 1114 903 pro
1126 827 1171 897 θ,
1187 834 1220 886 ut
1242 827 1275 887 tu
1293 828 1386 906 (lirci-
1442 807 1443 898 i

258 924 331 1001 ting.
344 920 388 991 0‘.
404 927 455 986 III.
472 925 583 1001 proleg.
600 943 629 1002 p.
650 924 698 988 ll.
717 923 780 1004 12),
797 945 872 988 sonu
888 927 985 988 simile
1002 927 1177 1006 oposucrit‚
1195 929 1387 1008 quemadmo-
1441 899 1443 994 i

259 1027 328 1088 dum
344 1034 447 1104 postea
463 1025 512 1086 alii
529 1025 667 1088 similiter
688 1029 802 1091 seducti
818 1047 873 1106 pro
889 1027 1018 1111 Ωβλιας
1034 1049 1109 1109 quae
1123 1031 1271 1110 scriptura
1286 1043 1386 1096 aucto·

257 1130 343 1191 ritate
357 1126 479 1190 Eusebii
495 1127 603 1188 ceteris
617 1129 784 1208 antiquiore
799 1130 979 1203 detenditur,
989 1131 1179 1210 scripserunt
1195 1131 1313 1214 Οβλιας
1323 1135 1384 1212 (Pa-

256 1233 410 1310 chymeres
427 1231 457 1291 in
475 1229 596 1310 Dionys.
612 1232 719 1310 lireop.
736 1233 773 1294 da
788 1232 863 1294 hier.
882 1231 954 1294 eccl.
977 1252 1003 1296 c.
1021 1233 1080 1294 VII.
1097 1251 1125 1310 p.
1143 1231 1205 1292 370
1216 1253 1222 1293 :
1233 1231 1383 1317 Ισβλιας),
1442 1237 1443 1300 l

256 1343 284 1396 et
297 1340 330 1395 ut
340 1331 514 1394 vocabulum
527 1350 609 1400 more
621 1349 727 1410 graeco
741 1334 870 1408 caderet,
887 1335 945 1398 nin
957 1359 971 1408 ς
982 1335 1152 1398 mutaverit:
1168 1335 1198 1396 iu
1214 1337 1325 1399 ceteris
1337 1357 1383 1400 ac·

602 1441 801 1502 ΩΝΑΤΑΚ

602 1524 787 1586 ΩΒΛΙΑΣ

254 1635 356 1705 ptura,
381 1643 456 1704 quae
479 1642 547 1686 curn
569 1623 661 1702 proba
684 1632 797 1686 tantum
827 1642 886 1685 non
919 1625 1086 1700 concinuit,
1116 1626 1276 1708 illaquam
1310 1629 1382 1708 legi·

253 1728 372 1788 musio
402 1725 622 1804 exemplaribus
651 1725 763 1786 nostris
791 1726 920 1786 existere
946 1728 1085 1806 potuerit.
1132 1728 1275 1808 Exempla
1303 1749 1383 1790 com-

252 1829 425 1891 mutationis
456 1829 621 1890 litterarum
651 1827 690 1890 A
713 1839 742 1890 et
764 1835 810 1903 A,
841 1833 873 1892 Σ
893 1838 923 1890 et
946 1835 979 1892 K
1005 1831 1098 1893 habes
1135 1833 1165 1894 in
1198 1834 1316 1894 Canteri
1347 1835 1382 1895 dc

251 1933 365 1996 ratione
386 1931 564 1993 emendandi
589 1931 717 1993 Graecos
747 1939 883 2014 auctores
913 1939 1104 2011 syntagmate.
1137 1934 1183 1994 ed.
1208 1933 1257 1995 alt.
1283 1935 1379 1996 Stura.

252 2035 308 2097 suh
337 2034 408 2096 calc.
437 2033 583 2096 Hellanici
613 2051 641 2111 p.
665 2030 716 2093 22.
748 2030 799 2092 28.
824 2031 875 2094 29.
908 2068 948 2080 ·-
994 2035 1078 2108 Quod
1110 2044 1224 2114 spectat
1252 2035 1289 2096 ad
1313 2036 1382 2096 uni-

251 2156 367 2200 versam
390 2137 536 2200 rationem
561 2155 620 2215 qua
642 2155 677 2196 ex
700 2135 801 2196 verbis
823 2135 882 2197 illis
900 2136 1012 2198 lacobo
1036 2143 1264 2216 cognomentum
1285 2138 1382 2218 quod-

252 2241 319 2300 dam
337 2238 527 2311 adiecerunt,
558 2243 651 2299 restat
681 2244 712 2298 ot
738 2236 913 2298 memineris
945 2236 1038 2298 fuisso
1067 2256 1180 2299 morem
1200 2237 1380 2299 ludaeorum

252 2359 310 2422 quo
333 2339 421 2402 verbo
441 2340 518 2400 sacri
543 2337 654 2400 codicis
683 2356 717 2398 ac
744 2338 921 2416 praesertim
951 2340 1070 2419 quidem
1093 2341 1245 2403 intellectu
1270 2341 1381 2403 subob-

252 2463 339 2508 scura
362 2443 392 2506 in
416 2461 503 2504 usum
527 2460 713 2508 communem
739 2451 892 2504 verterent
921 2443 1116 2505 liberrimum.
1161 2448 1203 2506 lta
1232 2446 1298 2524 ipse
1320 2446 1381 2506 He-

223 2611 230 2616 ,
252 2548 393 2626 gesippus
413 2545 444 2606 in
466 2544 568 2606 eadem
590 2544 759 2610 narratione
780 2544 815 2604 do
836 2544 874 2604 iis
898 2544 948 2624 qui
961 2545 1101 2606 iacobum
1119 2546 1291 2608 'interficere
1314 2566 1379 2608 mo-

251 2649 399 2712 liebantur
423 2654 452 2707 et
473 2663 577 2709 revera
601 2663 669 2706 eum
699 2646 930 2719 interfecerunt,
957 2648 1013 2707 ait:
1043 2646 1093 2712 καὶ
1117 2644 1298 2732 ἐπλήρωσαν
1326 2649 1381 2734 τὴν

249 2749 370 2834 γραφὴν
391 2746 447 2833 τὴν
476 2750 507 2812 ἒν
529 2751 571 2830 τῷ
592 2743 699 2832 Ἠσαῗζι
720 2750 936 2830 γεγραμμένην·
961 2745 1082 2830 ἄσαμεν
1105 2745 1159 2812 τὸν
1188 2746 1307 2816 δίκαιον
1329 2742 1379 2814 ὅτι

250 2850 439 2938 δύσχρηστος
471 2849 546 2936 ἡμῖν
569 2847 642 2916 loro·
674 2855 774 2916 τοίνυν
804 2848 842 2914 τὰ
869 2847 1045 2938 γεννήματα
1069 2853 1129 2914 τῶν
1159 2855 1255 2934 ἔργων
1277 2853 1378 2919 αὐτῶν

249 2952 402 3039 φάγὸνται
424 2989 465 3002 -
489 2955 569 3038 quod
591 2955 700 3033 legitur
722 2955 912 3016 inversione
934 2955 1132 3016 Alexandrina
1153 2959 1212 3030 III,
1239 2955 1278 3016 10
1304 2977 1379 3038 quac

249 3067 347 3130 tamen
368 3077 423 3137 pro
445 3052 562 3137 ἄσαμεν
583 3057 671 3119 habet
702 3050 839 3138 δήσωμεν
862 3056 940 3134 quod
968 3056 1077 3125 iteruin
1100 3057 1239 3120 licentius
1268 3059 1317 3120 illc
1342 3061 1378 3122 ad

248 3161 436 3242 propositum¹
456 3160 587 3222 inritavit.
633 3156 775 3234 Exempla
799 3176 834 3218 ex
855 3159 924 3220 nori
941 3161 1110 3222 testamenti
1134 3161 1255 3240 scriptis
1271 3164 1378 3224 ailerre

247 3281 307 3326 uon
330 3262 441 3322 attinet.
486 3258 554 3321 Pari
577 3259 664 3320 modo
683 3257 713 3326 si
732 3257 780 3319 cui
802 3277 867 3319 cum
883 3260 1072 3340 Hegesippus
1095 3261 1171 3324 dicat
1194 3260 1232 3338 oio
1250 3266 1278 3326 oi
1301 3290 1376 3344 προ-

247 3368 343 3450 φῆται
375 3360 506 3447 δηλοῦσι
539 3364 607 3444 napi
641 3358 738 3426 αὐτοῦ
771 3361 856 3441 (licet
893 3381 993 3424 revera
1033 3364 1194 3444 prophetae
1235 3373 1377 3446 tanquam

247 3467 404 3547 collegium
426 3465 574 3547 quoddam
604 3465 768 3544 allegentur
796 3485 923 3545 quorum
954 3467 1080 3548 quisque
1102 3469 1299 3547 patrocinium
1322 3491 1377 3534 cu-

246 3571 353 3649 iusque
375 3568 516 3647 suscipit)
541 3569 694 3630 rideantur
715 3567 803 3646 plura
825 3569 992 3648 quaerenda
1018 3589 1086 3632 esso
1109 3570 1139 3630 iu
1162 3571 1282 3652 scriptis
1302 3592 1376 3652 pro-

245 3670 373 3750 pheticis
397 3671 533 3749 eloquia,
556 3671 687 3749 perbene
709 3671 745 3730 ad
768 3670 841 3730 Dan.
866 3672 946 3745 vul,
972 3671 1012 3734 12
1035 3683 1153 3752 practer
1170 3676 1375 3741 Salomonium

246 3773 318 3834 illud
341 3775 492 3836 remittere
514 3791 581 3835 eum
602 3791 764 3854 possumus
781 3773 831 3836 uhi
851 3771 884 3839 c
902 3776 946 3853 (ct
960 3776 1107 3859 Theoni:
1128 3779 1179 3842 καὶ
1193 3783 1298 3868 ἐρρίφη
1316 3812 1375 3870 χα-

243 3874 300 3958 μαὶ
314 3873 334 3961 ἦ
349 3867 528 3958 dcaocooricq
543 3876 623 3956 quod
640 3875 676 3938 ad
696 3887 823 3940 mortem
836 3879 939 3942 locobi
959 3881 1010 3961 qui
1034 3883 1146 3946 iustitia
1169 3887 1374 3966 appellabatur

244 3979 468 4052 accommodare
491 3979 583 4042 licuit.
629 3982 731 4058 Itaque
761 3980 890 4044 lacobus
921 3982 1013 4044 simili
1032 3985 1159 4063 quadam
1182 3987 1296 4049 ratione
1317 4009 1373 4069 pe-

243 4097 301 4146 nus
329 4079 432 4160 populi
460 4081 506 4142 sui
536 4080 707 4161 iustitiaque
735 4089 855 4152 vocatus
886 4093 931 4148 cst
960 4104 1017 4166 qua
1040 4086 1126 4148 Titus
1148 4089 1282 4170 aequalis
1306 4093 1372 4156 cius

244 4199 324 4244 antor
346 4204 381 4246 cc
401 4186 523 4246 deliciae
544 4189 659 4261 cancro
683 4186 809 4252 lomoni.

255 1473 386 1534 curatius
402 1471 579 1549 comparatis
820 1473 1038 1533 animadvertes
1057 1490 1142 1552 quam
1159 1472 1245 1533 facile
1259 1491 1294 1532 ex
1311 1473 1384 1535 scri·
1441 1473 1443 1574 l

660 4367 967 4383 m
