<?xml version="1.0" encoding="UTF-8"?>
<!DOCTYPE html PUBLIC "-//W3C//DTD XHTML 1.0 Transitional//EN"
    "http://www.w3.org/TR/xhtml1/DTD/xhtml1-transitional.dtd">
<html xmlns="http://www.w3.org/1999/xhtml" xml:lang="en" lang="en">
 <head>
  <title>
</title>
<meta http-equiv="Content-Type" content="text/html;charset=utf-8" />
  <meta name='ocr-system' content='tesseract 3.04.00' />
  <meta name='ocr-capabilities' content='ocr_page ocr_carea ocr_par ocr_line ocrx_word'/>
</head>
<body>
  <div class='ocr_page' id='page_1' title='image "./deapocalypsijoa00boehgoog_0060.png"; bbox 0 0 2900 5054; ppageno 0'>
   <div class='ocr_carea' id='block_1_1' title="bbox 608 345 673 420">
    <p class='ocr_par' dir='ltr' id='par_1_1' title="bbox 608 345 673 420">
     <span class='ocr_line' id='line_1_1' title="bbox 608 345 673 420; baseline -0.015 0"><span class='ocrx_word' id='word_1_1' title='bbox 608 345 673 420; x_wconf 53' lang='lat'>⁴53</span> 
     </span>
    </p>
   </div>
   <div class='ocr_carea' id='block_1_2' title="bbox 0 515 1218 4291">
    <p class='ocr_par' dir='ltr' id='par_1_2' title="bbox 0 515 1214 1118">
     <span class='ocr_line' id='line_1_2' title="bbox 0 515 1212 602; baseline -0.008 -10"><span class='ocrx_word' id='word_1_2' title='bbox 0 531 1 536; x_wconf 76' lang='grc'>’</span> <span class='ocrx_word' id='word_1_3' title='bbox 86 521 282 594; x_wconf 80' lang='lat' dir='ltr'>semimortui</span> <span class='ocrx_word' id='word_1_4' title='bbox 303 531 405 588; x_wconf 83' lang='lat' dir='ltr'>essent</span> <span class='ocrx_word' id='word_1_5' title='bbox 434 517 494 600; x_wconf 83' lang='lat' dir='ltr'>(el.</span> <span class='ocrx_word' id='word_1_6' title='bbox 517 522 576 598; x_wconf 89' lang='lat'>111,</span> <span class='ocrx_word' id='word_1_7' title='bbox 608 517 658 586; x_wconf 74' lang='lat'>15..</span> <span class='ocrx_word' id='word_1_8' title='bbox 680 517 753 594; x_wconf 82' lang='lat' dir='ltr'>lo.)</span> <span class='ocrx_word' id='word_1_9' title='bbox 783 517 974 602; x_wconf 71' lang='lat' dir='ltr'>animamque</span> <span class='ocrx_word' id='word_1_10' title='bbox 1000 515 1212 600; x_wconf 84' lang='lat' dir='ltr'>superstitios&#39;d</span> 
     </span>
     <span class='ocr_line' id='line_1_3' title="bbox 84 621 1213 705; baseline -0.008 -12"><span class='ocrx_word' id='word_1_11' title='bbox 84 630 266 693; x_wconf 80' lang='lat' dir='ltr'>ludaeorum</span> <span class='ocrx_word' id='word_1_12' title='bbox 294 626 384 688; x_wconf 89' lang='lat' dir='ltr'>cultui</span> <span class='ocrx_word' id='word_1_13' title='bbox 407 625 540 688; x_wconf 89' lang='lat' dir='ltr'>deditum</span> <span class='ocrx_word' id='word_1_14' title='bbox 564 625 621 688; x_wconf 83' lang='lat' dir='ltr'>iam</span> <span class='ocrx_word' id='word_1_15' title='bbox 643 625 762 705; x_wconf 89' lang='lat' dir='ltr'>penitus</span> <span class='ocrx_word' id='word_1_16' title='bbox 791 624 980 684; x_wconf 79' lang='lat' dir='ltr'>duraverant.</span> <span class='ocrx_word' id='word_1_17' title='bbox 1025 621 1100 685; x_wconf 83' lang='lat' dir='ltr'>Cum</span> <span class='ocrx_word' id='word_1_18' title='bbox 1123 641 1213 702; x_wconf 87' lang='lat' dir='ltr'>supra</span> 
     </span>
     <span class='ocr_line' id='line_1_4' title="bbox 84 727 1212 808; baseline -0.007 -12"><span class='ocrx_word' id='word_1_19' title='bbox 84 731 149 805; x_wconf 84' lang='lat' dir='ltr'>llll,</span> <span class='ocrx_word' id='word_1_20' title='bbox 174 732 193 793; x_wconf 77' lang='grc'>3</span> <span class='ocrx_word' id='word_1_21' title='bbox 216 731 296 795; x_wconf 86' lang='lat' dir='ltr'>venti</span> <span class='ocrx_word' id='word_1_22' title='bbox 319 730 395 792; x_wconf 88' lang='lat' dir='ltr'>iussi</span> <span class='ocrx_word' id='word_1_23' title='bbox 418 737 579 792; x_wconf 84' lang='lat' dir='ltr'>essentne</span> <span class='ocrx_word' id='word_1_24' title='bbox 601 730 724 800; x_wconf 75' lang='lat' dir='ltr'>arbores</span> <span class='ocrx_word' id='word_1_25' title='bbox 748 727 900 791; x_wconf 74' lang='lat' dir='ltr'>laederent</span> <span class='ocrx_word' id='word_1_26' title='bbox 922 745 1017 808; x_wconf 90' lang='lat' dir='ltr'>usque</span> <span class='ocrx_word' id='word_1_27' title='bbox 1042 727 1111 790; x_wconf 90' lang='lat' dir='ltr'>dum</span> <span class='ocrx_word' id='word_1_28' title='bbox 1133 727 1212 788; x_wconf 78' lang='lat' dir='ltr'>servi</span> 
     </span>
     <span class='ocr_line' id='line_1_5' title="bbox 85 831 1214 912; baseline 0 -18"><span class='ocrx_word' id='word_1_29' title='bbox 85 835 133 895; x_wconf 94' lang='lat' dir='ltr'>dei</span> <span class='ocrx_word' id='word_1_30' title='bbox 157 833 402 912; x_wconf 80' lang='lat' dir='ltr'>obsignarentur‚</span> <span class='ocrx_word' id='word_1_31' title='bbox 434 833 490 895; x_wconf 89' lang='lat' dir='ltr'>hoc</span> <span class='ocrx_word' id='word_1_32' title='bbox 518 849 589 894; x_wconf 82' lang='lat' dir='ltr'>vero</span> <span class='ocrx_word' id='word_1_33' title='bbox 613 833 679 894; x_wconf 88' lang='lat' dir='ltr'>leco</span> <span class='ocrx_word' id='word_1_34' title='bbox 710 833 862 894; x_wconf 86' lang='lat' dir='ltr'>calamitas</span> <span class='ocrx_word' id='word_1_35' title='bbox 893 831 942 894; x_wconf 89' lang='lat' dir='ltr'>illa</span> <span class='ocrx_word' id='word_1_36' title='bbox 965 832 1135 908; x_wconf 84' lang='lat' dir='ltr'>(licetsub</span> <span class='ocrx_word' id='word_1_37' title='bbox 1156 831 1214 894; x_wconf 85' lang='lat' dir='ltr'>alie</span> 
     </span>
     <span class='ocr_line' id='line_1_6' title="bbox 84 935 1214 1016; baseline -0.002 -18"><span class='ocrx_word' id='word_1_38' title='bbox 84 936 214 1016; x_wconf 79' lang='lat' dir='ltr'><strong>imagine</strong></span> <span class='ocrx_word' id='word_1_39' title='bbox 244 935 450 1008; x_wconf 76' lang='lat' dir='ltr'>describatur)</span> <span class='ocrx_word' id='word_1_40' title='bbox 467 936 592 997; x_wconf 89' lang='lat' dir='ltr'>tertiam</span> <span class='ocrx_word' id='word_1_41' title='bbox 620 936 760 998; x_wconf 87' lang='lat' dir='ltr'>arborum</span> <span class='ocrx_word' id='word_1_42' title='bbox 789 944 904 1014; x_wconf 88' lang='lat' dir='ltr'>partem</span> <span class='ocrx_word' id='word_1_43' title='bbox 932 935 1082 1008; x_wconf 84' lang='lat' dir='ltr'>destruat,</span> <span class='ocrx_word' id='word_1_44' title='bbox 1113 944 1214 1015; x_wconf 83' lang='lat' dir='ltr'>aperte</span> 
     </span>
     <span class='ocr_line' id='line_1_7' title="bbox 83 1038 1200 1118; baseline -0.002 -16"><span class='ocrx_word' id='word_1_45' title='bbox 83 1040 217 1102; x_wconf 88' lang='lat' dir='ltr'>cernitur</span> <span class='ocrx_word' id='word_1_46' title='bbox 238 1040 337 1102; x_wconf 87' lang='lat' dir='ltr'>tubam</span> <span class='ocrx_word' id='word_1_47' title='bbox 360 1040 484 1118; x_wconf 88' lang='lat' dir='ltr'>primam</span> <span class='ocrx_word' id='word_1_48' title='bbox 507 1047 576 1118; x_wconf 87' lang='lat' dir='ltr'>post</span> <span class='ocrx_word' id='word_1_49' title='bbox 598 1038 834 1102; x_wconf 86' lang='lat' dir='ltr'>Christianorum</span> <span class='ocrx_word' id='word_1_50' title='bbox 856 1039 1200 1118; x_wconf 78' lang='lat' dir='ltr'>obsignationem&#39;cani..</span> 
     </span>
    </p>

    <p class='ocr_par' dir='ltr' id='par_1_3' title="bbox 72 1137 1218 4291">
     <span class='ocr_line' id='line_1_8' title="bbox 189 1137 1215 1226; baseline -0.003 -22"><span class='ocrx_word' id='word_1_51' title='bbox 189 1140 253 1204; x_wconf 85' lang='grc' dir='ltr'>Καὶ</span> <span class='ocrx_word' id='word_1_52' title='bbox 274 1139 292 1207; x_wconf 84' lang='grc' dir='ltr'>ὅ</span> <span class='ocrx_word' id='word_1_53' title='bbox 314 1137 456 1222; x_wconf 75' lang='grc' dir='ltr'><strong><em>δεύτερος</em></strong></span> <span class='ocrx_word' id='word_1_54' title='bbox 477 1137 604 1226; x_wconf 74' lang='grc' dir='ltr'><strong><em>άγγελος</em></strong></span> <span class='ocrx_word' id='word_1_55' title='bbox 629 1138 791 1206; x_wconf 75' lang='grc' dir='ltr'><strong><em>ἐσάλπισεν</em></strong></span> <span class='ocrx_word' id='word_1_56' title='bbox 816 1138 866 1204; x_wconf 76' lang='grc' dir='ltr'>καὶ</span> <span class='ocrx_word' id='word_1_57' title='bbox 888 1139 930 1214; x_wconf 78' lang='lat' dir='ltr'>cic</span> <span class='ocrx_word' id='word_1_58' title='bbox 949 1139 1021 1223; x_wconf 78' lang='grc' dir='ltr'><strong><em>ὄρος</em></strong></span> <span class='ocrx_word' id='word_1_59' title='bbox 1042 1139 1215 1222; x_wconf 78' lang='grc' dir='ltr'><strong><em>μέγαπαρλ</em></strong></span> 
     </span>
     <span class='ocr_line' id='line_1_9' title="bbox 83 1237 1214 1327; baseline -0.003 -20"><span class='ocrx_word' id='word_1_60' title='bbox 83 1238 244 1323; x_wconf 74' lang='grc' dir='ltr'><strong><em>καιόμενον</em></strong></span> <span class='ocrx_word' id='word_1_61' title='bbox 264 1238 387 1327; x_wconf 69' lang='grc' dir='ltr'><strong><em>ἐβλήθη</em></strong></span> <span class='ocrx_word' id='word_1_62' title='bbox 415 1245 459 1317; x_wconf 72' lang='grc' dir='ltr'>εἷς</span> <span class='ocrx_word' id='word_1_63' title='bbox 485 1239 540 1325; x_wconf 74' lang='grc' dir='ltr'>τὴν</span> <span class='ocrx_word' id='word_1_64' title='bbox 569 1237 739 1308; x_wconf 60' lang='grc' dir='ltr'><strong><em>θάλασσαν</em></strong></span> <span class='ocrx_word' id='word_1_65' title='bbox 759 1241 810 1308; x_wconf 82' lang='grc' dir='ltr'>καὶ</span> <span class='ocrx_word' id='word_1_66' title='bbox 832 1245 950 1322; x_wconf 77' lang='grc' dir='ltr'><strong><em>ἐγένετο</em></strong></span> <span class='ocrx_word' id='word_1_67' title='bbox 972 1240 1007 1306; x_wconf 82' lang='grc' dir='ltr'>τὸ</span> <span class='ocrx_word' id='word_1_68' title='bbox 1033 1245 1137 1326; x_wconf 75' lang='grc' dir='ltr'><strong><em>τρίταν</em></strong></span> <span class='ocrx_word' id='word_1_69' title='bbox 1158 1243 1214 1325; x_wconf 67' lang='lat' dir='ltr'>ripe</span> 
     </span>
     <span class='ocr_line' id='line_1_10' title="bbox 83 1339 1214 1429; baseline -0.002 -20"><span class='ocrx_word' id='word_1_70' title='bbox 83 1340 249 1427; x_wconf 75' lang='grc' dir='ltr'>θαλάσσης</span> <span class='ocrx_word' id='word_1_71' title='bbox 271 1342 348 1424; x_wconf 83' lang='grc' dir='ltr'><strong><em>αἷμα</em></strong></span> <span class='ocrx_word' id='word_1_72' title='bbox 372 1341 423 1408; x_wconf 79' lang='grc' dir='ltr'>καὶ</span> <span class='ocrx_word' id='word_1_73' title='bbox 445 1341 607 1408; x_wconf 77' lang='grc' dir='ltr'><em>ἀπέθανεν</em></span> <span class='ocrx_word' id='word_1_74' title='bbox 621 1340 664 1429; x_wconf 23' lang='lat' dir='ltr'>‚ad</span> <span class='ocrx_word' id='word_1_75' title='bbox 690 1349 792 1422; x_wconf 79' lang='lat' dir='ltr'>aplane</span> <span class='ocrx_word' id='word_1_76' title='bbox 819 1347 880 1408; x_wconf 80' lang='grc' dir='ltr'>τῶν</span> <span class='ocrx_word' id='word_1_77' title='bbox 905 1339 1077 1422; x_wconf 71' lang='grc' dir='ltr'><strong><em>κτισμάτων</em></strong></span> <span class='ocrx_word' id='word_1_78' title='bbox 1099 1347 1159 1408; x_wconf 77' lang='grc' dir='ltr'>τῶν</span> <span class='ocrx_word' id='word_1_79' title='bbox 1175 1345 1214 1407; x_wconf 74' lang='lat' dir='ltr'>de</span> 
     </span>
     <span class='ocr_line' id='line_1_11' title="bbox 83 1439 1213 1538; baseline 0.002 -32"><span class='ocrx_word' id='word_1_80' title='bbox 83 1447 121 1537; x_wconf 74' lang='grc' dir='ltr'>τῇ</span> <span class='ocrx_word' id='word_1_81' title='bbox 148 1441 293 1538; x_wconf 78' lang='grc' dir='ltr'><strong><em>θαλάσση</em></strong></span> <span class='ocrx_word' id='word_1_82' title='bbox 322 1439 360 1507; x_wconf 81' lang='grc' dir='ltr'>νά</span> <span class='ocrx_word' id='word_1_83' title='bbox 388 1445 496 1528; x_wconf 80' lang='grc' dir='ltr'><strong><em>ἔχοντα</em></strong></span> <span class='ocrx_word' id='word_1_84' title='bbox 521 1440 621 1528; x_wconf 78' lang='grc' dir='ltr'><strong><em>ψυχάς</em></strong></span> <span class='ocrx_word' id='word_1_85' title='bbox 650 1443 700 1507; x_wconf 78' lang='grc' dir='ltr'>καλ</span> <span class='ocrx_word' id='word_1_86' title='bbox 724 1442 760 1508; x_wconf 79' lang='lat' dir='ltr'>r&#39;d</span> <span class='ocrx_word' id='word_1_87' title='bbox 791 1449 892 1527; x_wconf 78' lang='grc' dir='ltr'><strong><em>τρίταν</em></strong></span> <span class='ocrx_word' id='word_1_88' title='bbox 919 1447 981 1508; x_wconf 75' lang='grc' dir='ltr'>τῶν</span> <span class='ocrx_word' id='word_1_89' title='bbox 1008 1446 1124 1510; x_wconf 81' lang='grc' dir='ltr'><strong><em>πλοίων</em></strong></span> <span class='ocrx_word' id='word_1_90' title='bbox 1151 1441 1213 1508; x_wconf 83' lang='lat' dir='ltr'>das·</span> 
     </span>
     <span class='ocr_line' id='line_1_12' title="bbox 82 1539 1214 1632; baseline -0.004 -23"><span class='ocrx_word' id='word_1_91' title='bbox 82 1539 262 1627; x_wconf 70' lang='grc' dir='ltr'><strong><em>φθάρησαν.</em></strong></span> <span class='ocrx_word' id='word_1_92' title='bbox 306 1545 450 1608; x_wconf 85' lang='lat' dir='ltr'>Mariana:</span> <span class='ocrx_word' id='word_1_93' title='bbox 474 1549 621 1632; x_wconf 77' lang='lat' dir='ltr'>lnatpacpa</span> <span class='ocrx_word' id='word_1_94' title='bbox 644 1549 879 1608; x_wconf 69' lang='lat' dir='ltr'>haeresiarcham</span> <span class='ocrx_word' id='word_1_95' title='bbox 898 1550 998 1606; x_wconf 72' lang='lat' dir='ltr'>actori</span> <span class='ocrx_word' id='word_1_96' title='bbox 1011 1556 1083 1622; x_wconf 85' lang='lat' dir='ltr'>puto</span> <span class='ocrx_word' id='word_1_97' title='bbox 1105 1557 1136 1605; x_wconf 85' lang='lat' dir='ltr'>ut</span> <span class='ocrx_word' id='word_1_98' title='bbox 1156 1549 1214 1622; x_wconf 74' lang='lat' dir='ltr'>suet</span> 
     </span>
     <span class='ocr_line' id='line_1_13' title="bbox 82 1629 1213 1725; baseline -0.002 -16"><span class='ocrx_word' id='word_1_99' title='bbox 82 1653 222 1710; x_wconf 82' lang='lat' dir='ltr'>Nicolaua</span> <span class='ocrx_word' id='word_1_100' title='bbox 247 1669 319 1708; x_wconf 83' lang='lat' dir='ltr'>unua</span> <span class='ocrx_word' id='word_1_101' title='bbox 349 1658 493 1725; x_wconf 78' lang='lat' dir='ltr'>eceptem</span> <span class='ocrx_word' id='word_1_102' title='bbox 521 1629 652 1708; x_wconf 78' lang='lat' dir='ltr'>diaconis</span> <span class='ocrx_word' id='word_1_103' title='bbox 679 1661 779 1710; x_wconf 85' lang='lat' dir='ltr'>auctor</span> <span class='ocrx_word' id='word_1_104' title='bbox 799 1653 1012 1712; x_wconf 81' lang='lat' dir='ltr'>Nicolaitarum</span> <span class='ocrx_word' id='word_1_105' title='bbox 1040 1660 1090 1710; x_wconf 84' lang='lat' dir='ltr'>aut</span> <span class='ocrx_word' id='word_1_106' title='bbox 1110 1651 1213 1710; x_wconf 87' lang='lat' dir='ltr'>Neato·</span> 
     </span>
     <span class='ocr_line' id='line_1_14' title="bbox 82 1749 1212 1832; baseline 0.004 -24"><span class='ocrx_word' id='word_1_107' title='bbox 82 1752 145 1808; x_wconf 69' lang='grc' dir='ltr'>σίνε</span> <span class='ocrx_word' id='word_1_108' title='bbox 173 1758 228 1812; x_wconf 90' lang='lat' dir='ltr'>cet.</span> <span class='ocrx_word' id='word_1_109' title='bbox 277 1749 312 1812; x_wconf 88' lang='lat' dir='ltr'>In</span> <span class='ocrx_word' id='word_1_110' title='bbox 341 1750 414 1812; x_wconf 87' lang='lat' dir='ltr'>meri</span> <span class='ocrx_word' id='word_1_111' title='bbox 445 1751 464 1812; x_wconf 90' lang='lat' dir='ltr'>i.</span> <span class='ocrx_word' id='word_1_112' title='bbox 489 1769 515 1814; x_wconf 91' lang='lat' dir='ltr'>e.</span> <span class='ocrx_word' id='word_1_113' title='bbox 546 1751 673 1813; x_wconf 89' lang='lat' dir='ltr'>ecclesia</span> <span class='ocrx_word' id='word_1_114' title='bbox 701 1760 731 1812; x_wconf 92' lang='lat' dir='ltr'>et</span> <span class='ocrx_word' id='word_1_115' title='bbox 761 1753 859 1830; x_wconf 87' lang='lat' dir='ltr'>ipsum</span> <span class='ocrx_word' id='word_1_116' title='bbox 884 1753 1016 1832; x_wconf 87' lang='lat' dir='ltr'>perlisse</span> <span class='ocrx_word' id='word_1_117' title='bbox 1048 1762 1077 1814; x_wconf 90' lang='lat' dir='ltr'>et</span> <span class='ocrx_word' id='word_1_118' title='bbox 1103 1752 1212 1814; x_wconf 79' lang='lat' dir='ltr'>multos</span> 
     </span>
     <span class='ocr_line' id='line_1_15' title="bbox 82 1851 1213 1932; baseline 0.004 -21"><span class='ocrx_word' id='word_1_119' title='bbox 82 1865 161 1930; x_wconf 79' lang='lat' dir='ltr'>quos</span> <span class='ocrx_word' id='word_1_120' title='bbox 188 1851 308 1931; x_wconf 85' lang='lat' dir='ltr'>decepit</span> <span class='ocrx_word' id='word_1_121' title='bbox 333 1851 439 1913; x_wconf 87' lang='lat' dir='ltr'>lideles</span> <span class='ocrx_word' id='word_1_122' title='bbox 467 1852 494 1912; x_wconf 93' lang='lat' dir='ltr'>h.</span> <span class='ocrx_word' id='word_1_123' title='bbox 518 1871 543 1912; x_wconf 89' lang='lat' dir='ltr'>e.</span> <span class='ocrx_word' id='word_1_124' title='bbox 566 1853 676 1932; x_wconf 88' lang='lat' dir='ltr'>pisces.</span> <span class='ocrx_word' id='word_1_125' title='bbox 722 1855 842 1916; x_wconf 80' lang='lat' dir='ltr'>Alcasar</span> <span class='ocrx_word' id='word_1_126' title='bbox 871 1855 1033 1916; x_wconf 87' lang='lat' dir='ltr'>secundam</span> <span class='ocrx_word' id='word_1_127' title='bbox 1061 1854 1137 1916; x_wconf 87' lang='lat' dir='ltr'>hanc</span> <span class='ocrx_word' id='word_1_128' title='bbox 1165 1853 1213 1916; x_wconf 66' lang='lat' dir='ltr'>tu-v</span> 
     </span>
     <span class='ocr_line' id='line_1_16' title="bbox 81 1953 1212 2034; baseline -0.003 -15"><span class='ocrx_word' id='word_1_129' title='bbox 81 1958 151 2019; x_wconf 88' lang='lat' dir='ltr'>bam</span> <span class='ocrx_word' id='word_1_130' title='bbox 180 1956 218 2018; x_wconf 87' lang='lat' dir='ltr'>de</span> <span class='ocrx_word' id='word_1_131' title='bbox 248 1954 327 2016; x_wconf 91' lang='lat' dir='ltr'>hello</span> <span class='ocrx_word' id='word_1_132' title='bbox 355 1955 415 2016; x_wconf 83' lang='lat' dir='ltr'>&#39;liti</span> <span class='ocrx_word' id='word_1_133' title='bbox 446 1964 475 2016; x_wconf 90' lang='lat' dir='ltr'>et</span> <span class='ocrx_word' id='word_1_134' title='bbox 496 1953 671 2034; x_wconf 80' lang='lat' dir='ltr'>Vespasiani</span> <span class='ocrx_word' id='word_1_135' title='bbox 703 1955 865 2034; x_wconf 79' lang='lat' dir='ltr'>intellegit,</span> <span class='ocrx_word' id='word_1_136' title='bbox 896 1955 1042 2018; x_wconf 87' lang='lat' dir='ltr'>montium</span> <span class='ocrx_word' id='word_1_137' title='bbox 1072 1955 1151 2017; x_wconf 89' lang='lat' dir='ltr'>enim</span> <span class='ocrx_word' id='word_1_138' title='bbox 1181 1955 1212 2018; x_wconf 86' lang='lat' dir='ltr'>in</span> 
     </span>
     <span class='ocr_line' id='line_1_17' title="bbox 82 2053 1213 2136; baseline -0.001 -17"><span class='ocrx_word' id='word_1_139' title='bbox 82 2075 166 2119; x_wconf 88' lang='lat' dir='ltr'>mare</span> <span class='ocrx_word' id='word_1_140' title='bbox 188 2055 407 2118; x_wconf 88' lang='lat' dir='ltr'>deiectionibus</span> <span class='ocrx_word' id='word_1_141' title='bbox 433 2056 555 2135; x_wconf 82' lang='lat' dir='ltr'>figurari</span> <span class='ocrx_word' id='word_1_142' title='bbox 578 2057 720 2120; x_wconf 80' lang='lat' dir='ltr'>maximas</span> <span class='ocrx_word' id='word_1_143' title='bbox 751 2053 932 2136; x_wconf 86' lang='lat' dir='ltr'>reipublicae</span> <span class='ocrx_word' id='word_1_144' title='bbox 954 2057 1213 2136; x_wconf 63' lang='lat' dir='ltr'>perturbationem</span> 
     </span>
     <span class='ocr_line' id='line_1_18' title="bbox 83 2158 1214 2240; baseline 0 -20"><span class='ocrx_word' id='word_1_145' title='bbox 83 2176 167 2220; x_wconf 87' lang='lat' dir='ltr'>mare</span> <span class='ocrx_word' id='word_1_146' title='bbox 186 2175 258 2218; x_wconf 81' lang='lat' dir='ltr'>vero</span> <span class='ocrx_word' id='word_1_147' title='bbox 280 2175 347 2219; x_wconf 89' lang='lat' dir='ltr'>esse</span> <span class='ocrx_word' id='word_1_148' title='bbox 370 2159 511 2236; x_wconf 78' lang='lat' dir='ltr'>gentium.</span> <span class='ocrx_word' id='word_1_149' title='bbox 559 2160 704 2222; x_wconf 82' lang='lat' dir='ltr'>Cocceius</span> <span class='ocrx_word' id='word_1_150' title='bbox 726 2179 753 2220; x_wconf 88' lang='lat' dir='ltr'>v.</span> <span class='ocrx_word' id='word_1_151' title='bbox 771 2158 800 2220; x_wconf 83' lang='lat'>8.</span> <span class='ocrx_word' id='word_1_152' title='bbox 823 2159 907 2220; x_wconf 80' lang='lat' dir='ltr'>affert</span> <span class='ocrx_word' id='word_1_153' title='bbox 928 2159 1049 2240; x_wconf 87' lang='lat' dir='ltr'>politiae</span> <span class='ocrx_word' id='word_1_154' title='bbox 1072 2158 1214 2220; x_wconf 87' lang='lat' dir='ltr'>Judaioae</span> 
     </span>
     <span class='ocr_line' id='line_1_19' title="bbox 81 2258 1215 2340; baseline 0.005 -20"><span class='ocrx_word' id='word_1_155' title='bbox 81 2277 138 2340; x_wconf 88' lang='lat' dir='ltr'>per</span> <span class='ocrx_word' id='word_1_156' title='bbox 165 2258 342 2332; x_wconf 84' lang='lat' dir='ltr'>seditiosos,</span> <span class='ocrx_word' id='word_1_157' title='bbox 371 2259 520 2333; x_wconf 86' lang='lat' dir='ltr'>latrones,</span> <span class='ocrx_word' id='word_1_158' title='bbox 554 2261 702 2323; x_wconf 84' lang='lat' dir='ltr'>Romanos</span> <span class='ocrx_word' id='word_1_159' title='bbox 731 2261 975 2337; x_wconf 75' lang='lat' dir='ltr'>destructionem.</span> <span class='ocrx_word' id='word_1_160' title='bbox 1026 2261 1121 2324; x_wconf 86' lang='lat' dir='ltr'>Porro</span> <span class='ocrx_word' id='word_1_161' title='bbox 1150 2261 1215 2339; x_wconf 78' lang='grc' dir='ltr'><strong><em>ἐνέ-</em></strong></span> 
     </span>
     <span class='ocr_line' id='line_1_20' title="bbox 82 2355 1212 2444; baseline 0.002 -22"><span class='ocrx_word' id='word_1_162' title='bbox 82 2381 153 2422; x_wconf 81' lang='grc' dir='ltr'><strong><em>νετο</em></strong></span> <span class='ocrx_word' id='word_1_163' title='bbox 181 2355 217 2421; x_wconf 81' lang='grc' dir='ltr'>τὸ</span> <span class='ocrx_word' id='word_1_164' title='bbox 243 2362 344 2436; x_wconf 80' lang='grc' dir='ltr'><strong><em>τρίταν</em></strong></span> <span class='ocrx_word' id='word_1_165' title='bbox 372 2362 426 2442; x_wconf 76' lang='grc' dir='ltr'>τῆς</span> <span class='ocrx_word' id='word_1_166' title='bbox 455 2355 622 2444; x_wconf 72' lang='grc' dir='ltr'><strong><em>θαλάσσης</em></strong></span> <span class='ocrx_word' id='word_1_167' title='bbox 652 2360 745 2442; x_wconf 66' lang='lat' dir='ltr'>alpe:</span> <span class='ocrx_word' id='word_1_168' title='bbox 777 2364 853 2424; x_wconf 88' lang='lat' dir='ltr'>bella</span> <span class='ocrx_word' id='word_1_169' title='bbox 884 2365 1017 2444; x_wconf 80' lang='lat' dir='ltr'>gentium</span> <span class='ocrx_word' id='word_1_170' title='bbox 1039 2363 1212 2425; x_wconf 86' lang='lat' dir='ltr'>domestica.</span> 
     </span>
     <span class='ocr_line' id='line_1_21' title="bbox 81 2460 1214 2545; baseline 0.003 -20"><span class='ocrx_word' id='word_1_171' title='bbox 81 2460 119 2525; x_wconf 65' lang='lat' dir='ltr'>Vt</span> <span class='ocrx_word' id='word_1_172' title='bbox 141 2461 172 2522; x_wconf 82' lang='grc'>9.</span> <span class='ocrx_word' id='word_1_173' title='bbox 204 2479 287 2523; x_wconf 83' lang='lat' dir='ltr'>mora</span> <span class='ocrx_word' id='word_1_174' title='bbox 318 2471 518 2524; x_wconf 81' lang='lat' dir='ltr'>ereaturarum</span> <span class='ocrx_word' id='word_1_175' title='bbox 548 2464 580 2524; x_wconf 90' lang='lat' dir='ltr'>in</span> <span class='ocrx_word' id='word_1_176' title='bbox 607 2465 697 2527; x_wconf 88' lang='lat' dir='ltr'>meri:</span> <span class='ocrx_word' id='word_1_177' title='bbox 728 2465 838 2545; x_wconf 79' lang='lat' dir='ltr'>relapsi</span> <span class='ocrx_word' id='word_1_178' title='bbox 868 2467 903 2528; x_wconf 88' lang='lat' dir='ltr'>ad</span> <span class='ocrx_word' id='word_1_179' title='bbox 934 2468 1136 2545; x_wconf 74' lang='lat' dir='ltr'>gentilismum</span> <span class='ocrx_word' id='word_1_180' title='bbox 1165 2468 1214 2529; x_wconf 86' lang='lat' dir='ltr'>vel</span> 
     </span>
     <span class='ocr_line' id='line_1_22' title="bbox 84 2562 1215 2648; baseline 0.01 -26"><span class='ocrx_word' id='word_1_181' title='bbox 84 2562 135 2643; x_wconf 89' lang='lat' dir='ltr'>qui</span> <span class='ocrx_word' id='word_1_182' title='bbox 163 2562 242 2625; x_wconf 91' lang='lat' dir='ltr'>hunc</span> <span class='ocrx_word' id='word_1_183' title='bbox 267 2581 335 2625; x_wconf 85' lang='lat' dir='ltr'>oum</span> <span class='ocrx_word' id='word_1_184' title='bbox 363 2564 585 2631; x_wconf 84' lang='lat' dir='ltr'>christianismo</span> <span class='ocrx_word' id='word_1_185' title='bbox 610 2568 912 2632; x_wconf 83' lang='lat' dir='ltr'>conferruminarent.</span> <span class='ocrx_word' id='word_1_186' title='bbox 957 2565 1003 2634; x_wconf 82' lang='grc' dir='ltr'>Τὸ</span> <span class='ocrx_word' id='word_1_187' title='bbox 1031 2574 1132 2648; x_wconf 77' lang='grc' dir='ltr'><strong><em>τρίταν</em></strong></span> <span class='ocrx_word' id='word_1_188' title='bbox 1152 2569 1215 2633; x_wconf 80' lang='grc' dir='ltr'>τῶν</span> 
     </span>
     <span class='ocr_line' id='line_1_23' title="bbox 81 2659 1214 2753; baseline 0.004 -27"><span class='ocrx_word' id='word_1_189' title='bbox 81 2659 196 2726; x_wconf 74' lang='lat' dir='ltr'>alatne</span> <span class='ocrx_word' id='word_1_190' title='bbox 217 2659 451 2748; x_wconf 55' lang='grc' dir='ltr'><strong><em>διεφθάρησαν</em></strong></span> <span class='ocrx_word' id='word_1_191' title='bbox 476 2668 586 2730; x_wconf 84' lang='lat' dir='ltr'>multae</span> <span class='ocrx_word' id='word_1_192' title='bbox 607 2669 753 2732; x_wconf 81' lang='lat' dir='ltr'>ecclesiae</span> <span class='ocrx_word' id='word_1_193' title='bbox 777 2673 867 2752; x_wconf 88' lang='lat' dir='ltr'>(quae</span> <span class='ocrx_word' id='word_1_194' title='bbox 888 2681 1028 2753; x_wconf 85' lang='lat' dir='ltr'>tanquam</span> <span class='ocrx_word' id='word_1_195' title='bbox 1050 2687 1117 2734; x_wconf 85' lang='lat' dir='ltr'>arca</span> <span class='ocrx_word' id='word_1_196' title='bbox 1133 2671 1214 2732; x_wconf 64' lang='lat' dir='ltr'>‘Noa-</span> 
     </span>
     <span class='ocr_line' id='line_1_24' title="bbox 83 2767 1214 2854; baseline 0.004 -24"><span class='ocrx_word' id='word_1_197' title='bbox 83 2767 130 2830; x_wconf 84' lang='lat' dir='ltr'>ohi</span> <span class='ocrx_word' id='word_1_198' title='bbox 154 2767 185 2828; x_wconf 93' lang='lat' dir='ltr'>in</span> <span class='ocrx_word' id='word_1_199' title='bbox 209 2768 306 2830; x_wconf 90' lang='lat' dir='ltr'>medio</span> <span class='ocrx_word' id='word_1_200' title='bbox 328 2769 419 2842; x_wconf 88' lang='lat' dir='ltr'>mari)</span> <span class='ocrx_word' id='word_1_201' title='bbox 441 2771 637 2849; x_wconf 84' lang='lat' dir='ltr'>particulares</span> <span class='ocrx_word' id='word_1_202' title='bbox 660 2781 731 2835; x_wconf 84' lang='lat' dir='ltr'>aaut</span> <span class='ocrx_word' id='word_1_203' title='bbox 751 2773 933 2836; x_wconf 86' lang='lat' dir='ltr'>disturbatae</span> <span class='ocrx_word' id='word_1_204' title='bbox 955 2774 1014 2838; x_wconf 86' lang='lat' dir='ltr'>nisi</span> <span class='ocrx_word' id='word_1_205' title='bbox 1038 2774 1105 2854; x_wconf 87' lang='lat' dir='ltr'>quis</span> <span class='ocrx_word' id='word_1_206' title='bbox 1126 2773 1214 2836; x_wconf 83' lang='lat' dir='ltr'>etiam</span> 
     </span>
     <span class='ocr_line' id='line_1_25' title="bbox 84 2873 1214 2956; baseline -0.001 -20"><span class='ocrx_word' id='word_1_207' title='bbox 84 2874 158 2936; x_wconf 84' lang='lat' dir='ltr'>haec</span> <span class='ocrx_word' id='word_1_208' title='bbox 186 2873 221 2934; x_wconf 88' lang='lat' dir='ltr'>ad</span> <span class='ocrx_word' id='word_1_209' title='bbox 248 2891 414 2952; x_wconf 74' lang='lat' dir='ltr'>synagogae</span> <span class='ocrx_word' id='word_1_210' title='bbox 438 2874 623 2936; x_wconf 85' lang='lat' dir='ltr'>ludaeorum</span> <span class='ocrx_word' id='word_1_211' title='bbox 650 2875 681 2936; x_wconf 90' lang='lat' dir='ltr'>in</span> <span class='ocrx_word' id='word_1_212' title='bbox 710 2876 848 2954; x_wconf 82' lang='lat' dir='ltr'>gentibus</span> <span class='ocrx_word' id='word_1_213' title='bbox 878 2877 1029 2956; x_wconf 89' lang='lat' dir='ltr'>pertinere</span> <span class='ocrx_word' id='word_1_214' title='bbox 1058 2875 1214 2954; x_wconf 81' lang='lat' dir='ltr'>praeterat.</span> 
     </span>
     <span class='ocr_line' id='line_1_26' title="bbox 85 2969 1214 3057; baseline -0.004 -17"><span class='ocrx_word' id='word_1_215' title='bbox 85 2977 206 3040; x_wconf 76' lang='lat' dir='ltr'>Grotius</span> <span class='ocrx_word' id='word_1_216' title='bbox 227 2995 283 3057; x_wconf 86' lang='lat' dir='ltr'>per</span> <span class='ocrx_word' id='word_1_217' title='bbox 302 2985 433 3038; x_wconf 78' lang='lat' dir='ltr'>monum</span> <span class='ocrx_word' id='word_1_218' title='bbox 456 2975 604 3055; x_wconf 79' lang='lat' dir='ltr'>intellegit</span> <span class='ocrx_word' id='word_1_219' title='bbox 626 2993 725 3038; x_wconf 87' lang='lat' dir='ltr'>arcem</span> <span class='ocrx_word' id='word_1_220' title='bbox 748 2977 903 3039; x_wconf 81' lang='lat' dir='ltr'>Antoniam</span> <span class='ocrx_word' id='word_1_221' title='bbox 929 2984 960 3038; x_wconf 89' lang='lat' dir='ltr'>et</span> <span class='ocrx_word' id='word_1_222' title='bbox 981 2969 1135 3054; x_wconf 82' lang='lat' dir='ltr'>perhanc</span> <span class='ocrx_word' id='word_1_223' title='bbox 1158 2974 1214 3036; x_wconf 82' lang='lat' dir='ltr'>mi-</span> 
     </span>
     <span class='ocr_line' id='line_1_27' title="bbox 84 3075 1213 3160; baseline -0.004 -20"><span class='ocrx_word' id='word_1_224' title='bbox 84 3080 154 3141; x_wconf 90' lang='lat' dir='ltr'>lites</span> <span class='ocrx_word' id='word_1_225' title='bbox 184 3079 215 3140; x_wconf 91' lang='lat' dir='ltr'>in</span> <span class='ocrx_word' id='word_1_226' title='bbox 244 3097 279 3140; x_wconf 92' lang='lat' dir='ltr'>eo</span> <span class='ocrx_word' id='word_1_227' title='bbox 308 3079 468 3142; x_wconf 84' lang='lat' dir='ltr'>collocatos</span> <span class='ocrx_word' id='word_1_228' title='bbox 499 3079 551 3160; x_wconf 79' lang='lat' dir='ltr'>qau&#39;</span> <span class='ocrx_word' id='word_1_229' title='bbox 577 3077 664 3140; x_wconf 78' lang='lat' dir='ltr'>effusi</span> <span class='ocrx_word' id='word_1_230' title='bbox 689 3077 721 3140; x_wconf 90' lang='lat' dir='ltr'>in</span> <span class='ocrx_word' id='word_1_231' title='bbox 752 3078 893 3158; x_wconf 87' lang='lat' dir='ltr'>populum</span> <span class='ocrx_word' id='word_1_232' title='bbox 921 3075 1213 3146; x_wconf 83' lang='lat' dir='ltr'>Jerusalemitanum,</span> 
     </span>
     <span class='ocr_line' id='line_1_28' title="bbox 83 3180 1214 3260; baseline -0.003 -18"><span class='ocrx_word' id='word_1_233' title='bbox 83 3180 177 3242; x_wconf 82' lang='lat' dir='ltr'>merie</span> <span class='ocrx_word' id='word_1_234' title='bbox 197 3181 319 3242; x_wconf 89' lang='lat' dir='ltr'>nomine</span> <span class='ocrx_word' id='word_1_235' title='bbox 341 3181 424 3242; x_wconf 89' lang='lat' dir='ltr'>illum</span> <span class='ocrx_word' id='word_1_236' title='bbox 451 3181 573 3260; x_wconf 86' lang='lat' dir='ltr'>quidem</span> <span class='ocrx_word' id='word_1_237' title='bbox 595 3191 747 3255; x_wconf 80' lang='lat' dir='ltr'>vocatum,</span> <span class='ocrx_word' id='word_1_238' title='bbox 777 3197 912 3259; x_wconf 72' lang='lat' dir='ltr'>magnam</span> <span class='ocrx_word' id='word_1_239' title='bbox 940 3188 1058 3259; x_wconf 86' lang='lat' dir='ltr'>partem·</span> <span class='ocrx_word' id='word_1_240' title='bbox 1075 3186 1125 3240; x_wconf 86' lang='lat' dir='ltr'>aut</span> <span class='ocrx_word' id='word_1_241' title='bbox 1146 3193 1214 3240; x_wconf 86' lang='lat' dir='ltr'>eae·</span> 
     </span>
     <span class='ocr_line' id='line_1_29' title="bbox 85 3277 1212 3361; baseline -0.007 -15"><span class='ocrx_word' id='word_1_242' title='bbox 85 3285 190 3346; x_wconf 88' lang='lat' dir='ltr'>darent</span> <span class='ocrx_word' id='word_1_243' title='bbox 211 3293 261 3346; x_wconf 87' lang='lat' dir='ltr'>aut</span> <span class='ocrx_word' id='word_1_244' title='bbox 288 3283 481 3345; x_wconf 84' lang='lat' dir='ltr'>vulnerarent</span> <span class='ocrx_word' id='word_1_245' title='bbox 503 3290 536 3345; x_wconf 91' lang='lat' dir='ltr'>nt</span> <span class='ocrx_word' id='word_1_246' title='bbox 563 3282 724 3346; x_wconf 78' lang='lat' dir='ltr'>accedente</span> <span class='ocrx_word' id='word_1_247' title='bbox 752 3284 843 3346; x_wconf 91' lang='lat' dir='ltr'>turris</span> <span class='ocrx_word' id='word_1_248' title='bbox 873 3281 1007 3361; x_wconf 84' lang='lat' dir='ltr'>collapso</span> <span class='ocrx_word' id='word_1_249' title='bbox 1029 3277 1212 3358; x_wconf 59' lang='lat' dir='ltr'>vigilationis</span> 
     </span>
     <span class='ocr_line' id='line_1_30' title="bbox 83 3384 1215 3459; baseline -0.008 -12"><span class='ocrx_word' id='word_1_250' title='bbox 83 3384 123 3448; x_wconf 88' lang='lat' dir='ltr'>lia</span> <span class='ocrx_word' id='word_1_251' title='bbox 147 3385 247 3457; x_wconf 83' lang='lat' dir='ltr'>(XXX</span> <span class='ocrx_word' id='word_1_252' title='bbox 273 3384 354 3448; x_wconf 89' lang='lat' dir='ltr'>milia</span> <span class='ocrx_word' id='word_1_253' title='bbox 384 3403 444 3448; x_wconf 84' lang='lat' dir='ltr'>aec.</span> <span class='ocrx_word' id='word_1_254' title='bbox 467 3385 595 3459; x_wconf 78' lang='lat' dir='ltr'>Euseb.)</span> <span class='ocrx_word' id='word_1_255' title='bbox 625 3386 791 3446; x_wconf 88' lang='lat' dir='ltr'>interirent.</span> <span class='ocrx_word' id='word_1_256' title='bbox 834 3385 1009 3446; x_wconf 80' lang='lat' dir='ltr'>Addendm&#39;n</span> <span class='ocrx_word' id='word_1_257' title='bbox 1039 3393 1142 3444; x_wconf 85' lang='lat' dir='ltr'>censet</span> <span class='ocrx_word' id='word_1_258' title='bbox 1161 3397 1215 3458; x_wconf 92' lang='lat' dir='ltr'>pe·</span> 
     </span>
     <span class='ocr_line' id='line_1_31' title="bbox 83 3483 1216 3569; baseline -0.01 -17"><span class='ocrx_word' id='word_1_259' title='bbox 83 3491 194 3552; x_wconf 85' lang='lat' dir='ltr'>audura</span> <span class='ocrx_word' id='word_1_260' title='bbox 229 3491 265 3552; x_wconf 88' lang='lat' dir='ltr'>ad</span> <span class='ocrx_word' id='word_1_261' title='bbox 296 3509 380 3552; x_wconf 83' lang='lat' dir='ltr'>secra</span> <span class='ocrx_word' id='word_1_262' title='bbox 412 3497 581 3569; x_wconf 83' lang='lat' dir='ltr'>paratorum</span> <span class='ocrx_word' id='word_1_263' title='bbox 611 3488 761 3565; x_wconf 81' lang='lat' dir='ltr'>ingentem</span> <span class='ocrx_word' id='word_1_264' title='bbox 792 3503 961 3547; x_wconf 89' lang='lat' dir='ltr'>nnmerum.</span> <span class='ocrx_word' id='word_1_265' title='bbox 1012 3485 1107 3546; x_wconf 86' lang='lat' dir='ltr'>Perre</span> <span class='ocrx_word' id='word_1_266' title='bbox 1138 3483 1216 3542; x_wconf 79' lang='lat' dir='ltr'>siem</span> 
     </span>
     <span class='ocr_line' id='line_1_32' title="bbox 82 3581 1215 3678; baseline -0.015 -19"><span class='ocrx_word' id='word_1_267' title='bbox 82 3595 213 3678; x_wconf 84' lang='lat' dir='ltr'>populas</span> <span class='ocrx_word' id='word_1_268' title='bbox 235 3611 330 3666; x_wconf 88' lang='lat' dir='ltr'>mare,</span> <span class='ocrx_word' id='word_1_269' title='bbox 361 3593 401 3654; x_wconf 85' lang='lat' dir='ltr'>lte</span> <span class='ocrx_word' id='word_1_270' title='bbox 426 3609 475 3653; x_wconf 89' lang='lat' dir='ltr'>res</span> <span class='ocrx_word' id='word_1_271' title='bbox 505 3589 630 3652; x_wconf 86' lang='lat' dir='ltr'>mobiles</span> <span class='ocrx_word' id='word_1_272' title='bbox 659 3589 772 3667; x_wconf 81' lang='lat' dir='ltr'>navigia</span> <span class='ocrx_word' id='word_1_273' title='bbox 803 3595 904 3649; x_wconf 84' lang='lat' dir='ltr'>vocata</span> <span class='ocrx_word' id='word_1_274' title='bbox 934 3603 1004 3648; x_wconf 90' lang='lat' dir='ltr'>esse</span> <span class='ocrx_word' id='word_1_275' title='bbox 1024 3583 1083 3646; x_wconf 78' lang='lat' dir='ltr'>sula</span> <span class='ocrx_word' id='word_1_276' title='bbox 1106 3581 1215 3661; x_wconf 73' lang='lat' dir='ltr'>nothus</span> 
     </span>
     <span class='ocr_line' id='line_1_33' title="bbox 85 3687 1216 3778; baseline -0.02 -13"><span class='ocrx_word' id='word_1_277' title='bbox 85 3698 287 3778; x_wconf 82' lang='lat' dir='ltr'>intellegenda</span> <span class='ocrx_word' id='word_1_278' title='bbox 312 3713 379 3758; x_wconf 84' lang='lat' dir='ltr'>raaa</span> <span class='ocrx_word' id='word_1_279' title='bbox 409 3693 512 3773; x_wconf 86' lang='lat' dir='ltr'>templi</span> <span class='ocrx_word' id='word_1_280' title='bbox 543 3712 558 3753; x_wconf 91' lang='lat' dir='ltr'>a</span> <span class='ocrx_word' id='word_1_281' title='bbox 582 3691 725 3754; x_wconf 83' lang='lat' dir='ltr'>militibus</span> <span class='ocrx_word' id='word_1_282' title='bbox 749 3690 874 3770; x_wconf 86' lang='lat' dir='ltr'>direpta.</span> <span class='ocrx_word' id='word_1_283' title='bbox 918 3687 1089 3750; x_wconf 83' lang='lat' dir='ltr'>Wetatenua</span> <span class='ocrx_word' id='word_1_284' title='bbox 1113 3690 1216 3746; x_wconf 74' lang='lat' dir='ltr'>conoe</span> 
     </span>
     <span class='ocr_line' id='line_1_34' title="bbox 85 3787 1214 3874; baseline -0.018 -4"><span class='ocrx_word' id='word_1_285' title='bbox 85 3807 200 3870; x_wconf 87' lang='lat' dir='ltr'>cladem</span> <span class='ocrx_word' id='word_1_286' title='bbox 223 3803 404 3868; x_wconf 81' lang='lat' dir='ltr'>ludaeorum</span> <span class='ocrx_word' id='word_1_287' title='bbox 428 3798 671 3864; x_wconf 82' lang='lat' dir='ltr'>Caesareensiurn</span> <span class='ocrx_word' id='word_1_288' title='bbox 695 3797 851 3874; x_wconf 74' lang='lat' dir='ltr'>intellegit.</span> <span class='ocrx_word' id='word_1_289' title='bbox 895 3795 958 3857; x_wconf 89' lang='lat' dir='ltr'>Jes.</span> <span class='ocrx_word' id='word_1_290' title='bbox 978 3795 1012 3856; x_wconf 85' lang='grc' dir='ltr'>Α.</span> <span class='ocrx_word' id='word_1_291' title='bbox 1035 3791 1101 3864; x_wconf 86' lang='lat' dir='ltr'>XX,</span> <span class='ocrx_word' id='word_1_292' title='bbox 1124 3787 1161 3862; x_wconf 84' lang='grc'>8,</span> <span class='ocrx_word' id='word_1_293' title='bbox 1184 3788 1214 3848; x_wconf 78' lang='lat' dir='ltr'>a.</span> 
     </span>
     <span class='ocr_line' id='line_1_35' title="bbox 83 3889 1216 3981; baseline -0.019 -9"><span class='ocrx_word' id='word_1_294' title='bbox 83 3911 124 3972; x_wconf 79' lang='lat' dir='ltr'>B..</span> <span class='ocrx_word' id='word_1_295' title='bbox 140 3908 189 3981; x_wconf 88' lang='lat' dir='ltr'>ll,</span> <span class='ocrx_word' id='word_1_296' title='bbox 215 3904 273 3979; x_wconf 85' lang='lat'>14,</span> <span class='ocrx_word' id='word_1_297' title='bbox 296 3902 327 3964; x_wconf 80' lang='lat'>4.</span> <span class='ocrx_word' id='word_1_298' title='bbox 356 3901 409 3974; x_wconf 78' lang='lat' dir='ltr'>ta,</span> <span class='ocrx_word' id='word_1_299' title='bbox 436 3901 464 3962; x_wconf 88' lang='lat' dir='ltr'>l.</span> <span class='ocrx_word' id='word_1_300' title='bbox 508 3900 717 3979; x_wconf 82' lang='lat' dir='ltr'>Harenbergns</span> <span class='ocrx_word' id='word_1_301' title='bbox 739 3918 769 3979; x_wconf 91' lang='lat' dir='ltr'>p.</span> <span class='ocrx_word' id='word_1_302' title='bbox 792 3896 875 3959; x_wconf 78' lang='lat'><strong>273:</strong></span> <span class='ocrx_word' id='word_1_303' title='bbox 904 3897 977 3957; x_wconf 85' lang='lat' dir='ltr'>Dies</span> <span class='ocrx_word' id='word_1_304' title='bbox 995 3893 1060 3956; x_wconf 89' lang='lat' dir='ltr'>Bild</span> <span class='ocrx_word' id='word_1_305' title='bbox 1085 3893 1126 3954; x_wconf 86' lang='lat' dir='ltr'>ist</span> <span class='ocrx_word' id='word_1_306' title='bbox 1148 3889 1216 3952; x_wconf 79' lang='lat' dir='ltr'>eine</span> 
     </span>
     <span class='ocr_line' id='line_1_36' title="bbox 84 3993 1216 4089; baseline -0.017 -16"><span class='ocrx_word' id='word_1_307' title='bbox 84 4009 226 4089; x_wconf 68' lang='lat' dir='ltr'>Aeneiae,</span> <span class='ocrx_word' id='word_1_308' title='bbox 250 4007 320 4071; x_wconf 83' lang='lat' dir='ltr'>dass</span> <span class='ocrx_word' id='word_1_309' title='bbox 344 4005 398 4066; x_wconf 89' lang='lat' dir='ltr'>das</span> <span class='ocrx_word' id='word_1_310' title='bbox 421 4004 481 4065; x_wconf 92' lang='lat' dir='ltr'>den</span> <span class='ocrx_word' id='word_1_311' title='bbox 500 4003 596 4064; x_wconf 81' lang='lat' dir='ltr'>Jdden</span> <span class='ocrx_word' id='word_1_312' title='bbox 620 4001 823 4080; x_wconf 81' lang='lat' dir='ltr'>angadrolrete</span> <span class='ocrx_word' id='word_1_313' title='bbox 845 3997 937 4060; x_wconf 87' lang='lat' dir='ltr'>Ucbel</span> <span class='ocrx_word' id='word_1_314' title='bbox 960 4003 1048 4058; x_wconf 85' lang='lat' dir='ltr'>anter</span> <span class='ocrx_word' id='word_1_315' title='bbox 1070 3995 1138 4056; x_wconf 89' lang='lat' dir='ltr'>dem</span> <span class='ocrx_word' id='word_1_316' title='bbox 1160 3993 1216 4056; x_wconf 85' lang='lat' dir='ltr'>Ge-</span> 
     </span>
     <span class='ocr_line' id='line_1_37' title="bbox 85 4095 1218 4190; baseline -0.016 -16"><span class='ocrx_word' id='word_1_317' title='bbox 85 4111 177 4190; x_wconf 76' lang='lat' dir='ltr'>ligula</span> <span class='ocrx_word' id='word_1_318' title='bbox 204 4107 286 4171; x_wconf 89' lang='lat' dir='ltr'>nicht</span> <span class='ocrx_word' id='word_1_319' title='bbox 314 4107 364 4168; x_wconf 87' lang='lat' dir='ltr'>die</span> <span class='ocrx_word' id='word_1_320' title='bbox 386 4105 500 4179; x_wconf 75' lang='lat' dir='ltr'>ludera,</span> <span class='ocrx_word' id='word_1_321' title='bbox 534 4105 667 4166; x_wconf 88' lang='lat' dir='ltr'>sondern</span> <span class='ocrx_word' id='word_1_322' title='bbox 697 4102 746 4166; x_wconf 88' lang='lat' dir='ltr'>die</span> <span class='ocrx_word' id='word_1_323' title='bbox 771 4101 944 4170; x_wconf 68' lang='lat' dir='ltr'>,romischen</span> <span class='ocrx_word' id='word_1_324' title='bbox 971 4097 1095 4178; x_wconf 74' lang='lat' dir='ltr'>lleyden</span> <span class='ocrx_word' id='word_1_325' title='bbox 1124 4095 1218 4158; x_wconf 85' lang='lat' dir='ltr'>selbst</span> 
     </span>
     <span class='ocr_line' id='line_1_38' title="bbox 72 4189 1217 4291; baseline -0.011 -16"><span class='ocrx_word' id='word_1_326' title='bbox 72 4189 231 4291; x_wconf 60' lang='lat' dir='ltr'>&#39;ganemu</span> <span class='ocrx_word' id='word_1_327' title='bbox 252 4207 337 4270; x_wconf 81' lang='lat' dir='ltr'>laahe.</span> <span class='ocrx_word' id='word_1_328' title='bbox 382 4207 473 4270; x_wconf 86' lang='lat' dir='ltr'>Scine</span> <span class='ocrx_word' id='word_1_329' title='bbox 493 4207 690 4289; x_wconf 81' lang='lat' dir='ltr'>ungelrepren</span> <span class='ocrx_word' id='word_1_330' title='bbox 711 4203 956 4268; x_wconf 78' lang='lat' dir='ltr'>Grauaamleitda</span> <span class='ocrx_word' id='word_1_331' title='bbox 976 4201 1043 4264; x_wconf 81' lang='lat' dir='ltr'>sind</span> <span class='ocrx_word' id='word_1_332' title='bbox 1066 4217 1124 4260; x_wconf 92' lang='lat' dir='ltr'>ron</span> <span class='ocrx_word' id='word_1_333' title='bbox 1147 4200 1217 4262; x_wconf 82' lang='lat' dir='ltr'>deur</span> 
     </span>
    </p>
   </div>
   <div class='ocr_carea' id='block_1_3' title="bbox 85 4293 1217 4506">
    <p class='ocr_par' dir='ltr' id='par_1_4' title="bbox 85 4293 1217 4506">
     <span class='ocr_line' id='line_1_39' title="bbox 86 4293 1217 4387; baseline -0.012 -11"><span class='ocrx_word' id='word_1_334' title='bbox 86 4312 254 4376; x_wconf 67' lang='lat' dir='ltr'>Suetonius·</span> <span class='ocrx_word' id='word_1_335' title='bbox 266 4310 475 4374; x_wconf 82' lang='lat' dir='ltr'>heachriohen.</span> <span class='ocrx_word' id='word_1_336' title='bbox 520 4293 686 4374; x_wconf 81' lang='lat' dir='ltr'>llerderua:</span> <span class='ocrx_word' id='word_1_337' title='bbox 710 4310 770 4372; x_wconf 78' lang='lat' dir='ltr'>lter</span> <span class='ocrx_word' id='word_1_338' title='bbox 788 4308 880 4387; x_wconf 77' lang='lat' dir='ltr'>llrieg</span> <span class='ocrx_word' id='word_1_339' title='bbox 900 4306 1040 4368; x_wconf 86' lang='lat' dir='ltr'>teumelto</span> <span class='ocrx_word' id='word_1_340' title='bbox 1062 4304 1126 4366; x_wconf 84' lang='lat' dir='ltr'>sich</span> <span class='ocrx_word' id='word_1_341' title='bbox 1147 4303 1217 4363; x_wconf 89' lang='lat' dir='ltr'>dar·</span> 
     </span>
     <span class='ocr_line' id='line_1_40' title="bbox 85 4407 1217 4506; baseline -0.011 -26"><span class='ocrx_word' id='word_1_342' title='bbox 85 4415 140 4480; x_wconf 84' lang='lat' dir='ltr'>aul</span> <span class='ocrx_word' id='word_1_343' title='bbox 160 4432 214 4478; x_wconf 84' lang='lat' dir='ltr'>aas</span> <span class='ocrx_word' id='word_1_344' title='bbox 233 4412 316 4476; x_wconf 84' lang='lat' dir='ltr'>ldeer</span> <span class='ocrx_word' id='word_1_345' title='bbox 336 4412 398 4476; x_wconf 87' lang='lat' dir='ltr'>uad</span> <span class='ocrx_word' id='word_1_346' title='bbox 423 4429 462 4476; x_wconf 78' lang='lat' dir='ltr'>aa</span> <span class='ocrx_word' id='word_1_347' title='bbox 484 4411 535 4474; x_wconf 86' lang='lat' dir='ltr'>die</span> <span class='ocrx_word' id='word_1_348' title='bbox 559 4412 702 4488; x_wconf 74' lang='lat' dir='ltr'>Seerdar3</span> <span class='ocrx_word' id='word_1_349' title='bbox 724 4427 758 4474; x_wconf 87' lang='lat' dir='ltr'>ea</span> <span class='ocrx_word' id='word_1_350' title='bbox 781 4410 822 4474; x_wconf 85' lang='lat' dir='ltr'>iat</span> <span class='ocrx_word' id='word_1_351' title='bbox 840 4409 970 4474; x_wconf 84' lang='lat' dir='ltr'>ebermal</span> <span class='ocrx_word' id='word_1_352' title='bbox 993 4407 1043 4474; x_wconf 87' lang='lat' dir='ltr'>dio</span> <span class='ocrx_word' id='word_1_353' title='bbox 1066 4410 1217 4506; x_wconf 75' lang='lat' dir='ltr'>suenpata</span> 
     </span>
    </p>
   </div>
   <div class='ocr_carea' id='block_1_4' title="bbox 0 0 1455 5054">
    <p class='ocr_par' dir='ltr' id='par_1_5' title="bbox 0 0 1455 5054">
     <span class='ocr_line' id='line_1_41' title="bbox 0 0 1455 5054; baseline 0 0"><span class='ocrx_word' id='word_1_354' title='bbox 0 0 1455 5054; x_wconf 95' lang='lat' dir='ltr'> </span> 
     </span>
    </p>
   </div>
  </div>
 </body>
</html>
