<?xml version="1.0" encoding="UTF-8"?>
<!DOCTYPE html PUBLIC "-//W3C//DTD XHTML 1.0 Transitional//EN"
    "http://www.w3.org/TR/xhtml1/DTD/xhtml1-transitional.dtd">
<html xmlns="http://www.w3.org/1999/xhtml" xml:lang="en" lang="en">
 <head>
  <title>
</title>
<meta http-equiv="Content-Type" content="text/html;charset=utf-8" />
  <meta name='ocr-system' content='tesseract 3.04.00' />
  <meta name='ocr-capabilities' content='ocr_page ocr_carea ocr_par ocr_line ocrx_word'/>
</head>
<body>
  <div class='ocr_page' id='page_1' title='image "./deapocalypsijoa00boehgoog_0028.png"; bbox 0 0 2900 5054; ppageno 0'>
   <div class='ocr_carea' id='block_1_1' title="bbox 589 361 633 430">
    <p class='ocr_par' dir='ltr' id='par_1_1' title="bbox 589 361 633 430">
     <span class='ocr_line' id='line_1_1' title="bbox 589 361 633 430; baseline -0.045 0"><span class='ocrx_word' id='word_1_1' title='bbox 589 361 633 430; x_wconf 79' lang='lat' dir='ltr'>ut</span> 
     </span>
    </p>
   </div>
   <div class='ocr_carea' id='block_1_2' title="bbox 34 527 1243 2750">
    <p class='ocr_par' dir='ltr' id='par_1_2' title="bbox 34 527 1243 2750">
     <span class='ocr_line' id='line_1_2' title="bbox 47 527 1173 616; baseline -0.005 -20"><span class='ocrx_word' id='word_1_2' title='bbox 47 553 108 598; x_wconf 86' lang='lat' dir='ltr'>cem</span> <span class='ocrx_word' id='word_1_3' title='bbox 136 534 258 598; x_wconf 84' lang='lat' dir='ltr'>Festum</span> <span class='ocrx_word' id='word_1_4' title='bbox 287 528 427 616; x_wconf 79' lang='lat' dir='ltr'>Albinum</span> <span class='ocrx_word' id='word_1_5' title='bbox 455 528 587 594; x_wconf 77' lang='lat' dir='ltr'>Floram.</span> <span class='ocrx_word' id='word_1_6' title='bbox 632 527 776 606; x_wconf 86' lang='lat' dir='ltr'>Ultimus,</span> <span class='ocrx_word' id='word_1_7' title='bbox 797 533 896 600; x_wconf 86' lang='lat' dir='ltr'>mors,</span> <span class='ocrx_word' id='word_1_8' title='bbox 917 527 1030 608; x_wconf 86' lang='lat' dir='ltr'>optime</span> <span class='ocrx_word' id='word_1_9' title='bbox 1052 545 1173 608; x_wconf 85' lang='lat' dir='ltr'>reprae-</span> 
     </span>
     <span class='ocr_line' id='line_1_3' title="bbox 47 626 1172 710; baseline -0.01 -12"><span class='ocrx_word' id='word_1_10' title='bbox 47 645 139 700; x_wconf 83' lang='lat' dir='ltr'>sentat</span> <span class='ocrx_word' id='word_1_11' title='bbox 161 633 282 696; x_wconf 86' lang='lat' dir='ltr'>Florum</span> <span class='ocrx_word' id='word_1_12' title='bbox 307 631 543 710; x_wconf 84' lang='lat' dir='ltr'>euiuslaeinora</span> <span class='ocrx_word' id='word_1_13' title='bbox 559 630 693 695; x_wconf 78' lang='lat' dir='ltr'>crudelia</span> <span class='ocrx_word' id='word_1_14' title='bbox 706 630 887 693; x_wconf 83' lang='lat' dir='ltr'>Iudaeorum</span> <span class='ocrx_word' id='word_1_15' title='bbox 903 626 1098 690; x_wconf 86' lang='lat' dir='ltr'>rebellionem</span> <span class='ocrx_word' id='word_1_16' title='bbox 1121 646 1172 688; x_wconf 84' lang='lat' dir='ltr'>ex-</span> 
     </span>
     <span class='ocr_line' id='line_1_4' title="bbox 47 729 1172 818; baseline -0.008 -19"><span class='ocrx_word' id='word_1_17' title='bbox 47 739 208 800; x_wconf 88' lang='lat' dir='ltr'>citaverunt</span> <span class='ocrx_word' id='word_1_18' title='bbox 231 733 464 814; x_wconf 87' lang='lat' dir='ltr'>innumerasque</span> <span class='ocrx_word' id='word_1_19' title='bbox 486 731 593 810; x_wconf 88' lang='lat' dir='ltr'>caedes</span> <span class='ocrx_word' id='word_1_20' title='bbox 609 732 639 794; x_wconf 89' lang='lat' dir='ltr'>in</span> <span class='ocrx_word' id='word_1_21' title='bbox 659 730 782 818; x_wconf 81' lang='lat' dir='ltr'>urbibus</span> <span class='ocrx_word' id='word_1_22' title='bbox 804 729 988 790; x_wconf 76' lang='lat' dir='ltr'>Palaestinae</span> <span class='ocrx_word' id='word_1_23' title='bbox 1011 729 1041 790; x_wconf 93' lang='lat' dir='ltr'>in</span> <span class='ocrx_word' id='word_1_24' title='bbox 1064 729 1172 809; x_wconf 90' lang='lat' dir='ltr'>quibus</span> 
     </span>
     <span class='ocr_line' id='line_1_5' title="bbox 46 831 1208 918; baseline -0.005 -18"><span class='ocrx_word' id='word_1_25' title='bbox 46 839 151 918; x_wconf 89' lang='lat' dir='ltr'>partim</span> <span class='ocrx_word' id='word_1_26' title='bbox 173 835 274 898; x_wconf 91' lang='lat' dir='ltr'>ludaei</span> <span class='ocrx_word' id='word_1_27' title='bbox 292 835 402 914; x_wconf 88' lang='lat' dir='ltr'>partim</span> <span class='ocrx_word' id='word_1_28' title='bbox 427 833 538 896; x_wconf 75' lang='lat' dir='ltr'><strong>ethnici</strong></span> <span class='ocrx_word' id='word_1_29' title='bbox 560 834 730 896; x_wconf 85' lang='lat' dir='ltr'>babitabant</span> <span class='ocrx_word' id='word_1_30' title='bbox 760 840 792 894; x_wconf 88' lang='lat' dir='ltr'>ut</span> <span class='ocrx_word' id='word_1_31' title='bbox 815 832 978 895; x_wconf 83' lang='lat' dir='ltr'>Caesareae</span> <span class='ocrx_word' id='word_1_32' title='bbox 1000 831 1171 912; x_wconf 82' lang='lat' dir='ltr'>Scythopoli</span> <span class='ocrx_word' id='word_1_33' title='bbox 1202 851 1208 873; x_wconf 59' lang='lat' dir='ltr'>t</span> 
     </span>
     <span class='ocr_line' id='line_1_6' title="bbox 46 919 1171 1005; baseline -0.008 -2"><span class='ocrx_word' id='word_1_34' title='bbox 46 951 72 1005; x_wconf 93' lang='lat' dir='ltr'>et</span> <span class='ocrx_word' id='word_1_35' title='bbox 92 941 159 1004; x_wconf 92' lang='lat' dir='ltr'>aliis</span> <span class='ocrx_word' id='word_1_36' title='bbox 183 939 266 1002; x_wconf 88' lang='lat' dir='ltr'>locis.</span> <span class='ocrx_word' id='word_1_37' title='bbox 312 936 461 1000; x_wconf 81' lang='lat' dir='ltr'><strong>Numerus</strong></span> <span class='ocrx_word' id='word_1_38' title='bbox 486 937 665 1001; x_wconf 88' lang='lat' dir='ltr'>Iudaeorum</span> <span class='ocrx_word' id='word_1_39' title='bbox 680 935 849 998; x_wconf 88' lang='lat' dir='ltr'>occisorum</span> <span class='ocrx_word' id='word_1_40' title='bbox 872 933 903 996; x_wconf 92' lang='lat' dir='ltr'>in</span> <span class='ocrx_word' id='word_1_41' title='bbox 926 919 963 999; x_wconf 87' lang='lat' dir='ltr'>iis</span> <span class='ocrx_word' id='word_1_42' title='bbox 981 931 1103 994; x_wconf 84' lang='lat' dir='ltr'>urbibus</span> <span class='ocrx_word' id='word_1_43' title='bbox 1118 933 1171 994; x_wconf 92' lang='lat' dir='ltr'>ubi</span> 
     </span>
     <span class='ocr_line' id='line_1_7' title="bbox 45 1036 1171 1122; baseline -0.007 -16"><span class='ocrx_word' id='word_1_44' title='bbox 45 1045 137 1106; x_wconf 90' lang='lat' dir='ltr'>maior</span> <span class='ocrx_word' id='word_1_45' title='bbox 156 1061 226 1122; x_wconf 89' lang='lat' dir='ltr'>pars</span> <span class='ocrx_word' id='word_1_46' title='bbox 249 1040 413 1104; x_wconf 90' lang='lat' dir='ltr'>incolarum</span> <span class='ocrx_word' id='word_1_47' title='bbox 438 1059 474 1101; x_wconf 85' lang='lat' dir='ltr'>ex</span> <span class='ocrx_word' id='word_1_48' title='bbox 508 1039 647 1120; x_wconf 87' lang='lat' dir='ltr'>gentibus</span> <span class='ocrx_word' id='word_1_49' title='bbox 678 1049 740 1102; x_wconf 89' lang='lat' dir='ltr'>erat</span> <span class='ocrx_word' id='word_1_50' title='bbox 769 1036 945 1118; x_wconf 76' lang='lat' dir='ltr'><strong>exprimitur</strong></span> <span class='ocrx_word' id='word_1_51' title='bbox 973 1055 1029 1118; x_wconf 91' lang='lat' dir='ltr'>per</span> <span class='ocrx_word' id='word_1_52' title='bbox 1055 1036 1171 1100; x_wconf 80' lang='lat' dir='ltr'>tertiam</span> 
     </span>
     <span class='ocr_line' id='line_1_8' title="bbox 42 1127 1170 1226; baseline -0.005 -20"><span class='ocrx_word' id='word_1_53' title='bbox 42 1154 155 1226; x_wconf 86' lang='lat' dir='ltr'>partem</span> <span class='ocrx_word' id='word_1_54' title='bbox 176 1143 225 1215; x_wconf 87' lang='lat' dir='ltr'>lX,</span> <span class='ocrx_word' id='word_1_55' title='bbox 252 1140 300 1204; x_wconf 85' lang='grc'>18.</span> <span class='ocrx_word' id='word_1_56' title='bbox 324 1141 370 1222; x_wconf 83' lang='lat' dir='ltr'>Ita</span> <span class='ocrx_word' id='word_1_57' title='bbox 390 1141 449 1204; x_wconf 92' lang='lat' dir='ltr'>ille.</span> <span class='ocrx_word' id='word_1_58' title='bbox 475 1127 521 1186; x_wconf 57' lang='lat'>-&#39;</span> <span class='ocrx_word' id='word_1_59' title='bbox 558 1141 623 1202; x_wconf 88' lang='lat' dir='ltr'>Non</span> <span class='ocrx_word' id='word_1_60' title='bbox 646 1141 763 1202; x_wconf 87' lang='lat' dir='ltr'>videtur</span> <span class='ocrx_word' id='word_1_61' title='bbox 785 1159 914 1204; x_wconf 88' lang='lat' dir='ltr'>necesse</span> <span class='ocrx_word' id='word_1_62' title='bbox 938 1159 1006 1204; x_wconf 89' lang='lat' dir='ltr'>esse</span> <span class='ocrx_word' id='word_1_63' title='bbox 1029 1139 1102 1201; x_wconf 89' lang='lat' dir='ltr'>haee</span> <span class='ocrx_word' id='word_1_64' title='bbox 1120 1157 1170 1200; x_wconf 88' lang='lat' dir='ltr'>re-</span> 
     </span>
     <span class='ocr_line' id='line_1_9' title="bbox 42 1231 1170 1326; baseline -0.003 -20"><span class='ocrx_word' id='word_1_65' title='bbox 42 1247 158 1318; x_wconf 83' lang='lat' dir='ltr'>lellere;</span> <span class='ocrx_word' id='word_1_66' title='bbox 181 1244 237 1306; x_wconf 91' lang='lat' dir='ltr'>hoc</span> <span class='ocrx_word' id='word_1_67' title='bbox 261 1231 359 1304; x_wconf 87' lang='lat' dir='ltr'>tamen</span> <span class='ocrx_word' id='word_1_68' title='bbox 382 1242 460 1304; x_wconf 89' lang='lat' dir='ltr'>iuvat</span> <span class='ocrx_word' id='word_1_69' title='bbox 480 1245 587 1306; x_wconf 88' lang='lat' dir='ltr'>alierre</span> <span class='ocrx_word' id='word_1_70' title='bbox 611 1243 689 1325; x_wconf 94' lang='lat' dir='ltr'>quod</span> <span class='ocrx_word' id='word_1_71' title='bbox 719 1243 804 1306; x_wconf 86' lang='lat' dir='ltr'>bisce</span> <span class='ocrx_word' id='word_1_72' title='bbox 827 1243 940 1326; x_wconf 87' lang='lat' dir='ltr'>apertis</span> <span class='ocrx_word' id='word_1_73' title='bbox 963 1242 1072 1324; x_wconf 88' lang='lat' dir='ltr'>sigillis</span> <span class='ocrx_word' id='word_1_74' title='bbox 1092 1259 1170 1304; x_wconf 91' lang='lat' dir='ltr'>non-</span> 
     </span>
     <span class='ocr_line' id='line_1_10' title="bbox 42 1343 1169 1424; baseline -0.005 -14"><span class='ocrx_word' id='word_1_75' title='bbox 42 1348 110 1410; x_wconf 92' lang='lat' dir='ltr'>dum</span> <span class='ocrx_word' id='word_1_76' title='bbox 133 1345 208 1409; x_wconf 81' lang='lat' dir='ltr'>ultra</span> <span class='ocrx_word' id='word_1_77' title='bbox 230 1345 322 1410; x_wconf 86' lang='lat' dir='ltr'>limen</span> <span class='ocrx_word' id='word_1_78' title='bbox 353 1344 423 1406; x_wconf 90' lang='lat' dir='ltr'>belli</span> <span class='ocrx_word' id='word_1_79' title='bbox 446 1345 624 1408; x_wconf 89' lang='lat' dir='ltr'>Iudaeorum</span> <span class='ocrx_word' id='word_1_80' title='bbox 644 1352 746 1408; x_wconf 90' lang='lat' dir='ltr'>contra</span> <span class='ocrx_word' id='word_1_81' title='bbox 769 1345 917 1408; x_wconf 86' lang='lat' dir='ltr'>Romanos</span> <span class='ocrx_word' id='word_1_82' title='bbox 939 1343 1094 1424; x_wconf 83' lang='lat' dir='ltr'>progressi</span> <span class='ocrx_word' id='word_1_83' title='bbox 1117 1363 1169 1406; x_wconf 90' lang='lat' dir='ltr'>su-</span> 
     </span>
     <span class='ocr_line' id='line_1_11' title="bbox 42 1444 1169 1528; baseline -0.007 -16"><span class='ocrx_word' id='word_1_84' title='bbox 42 1470 116 1512; x_wconf 87' lang='lat' dir='ltr'>mus.</span> <span class='ocrx_word' id='word_1_85' title='bbox 163 1448 226 1509; x_wconf 91' lang='lat' dir='ltr'>Illis</span> <span class='ocrx_word' id='word_1_86' title='bbox 250 1465 325 1528; x_wconf 89' lang='lat' dir='ltr'>quae</span> <span class='ocrx_word' id='word_1_87' title='bbox 348 1446 436 1508; x_wconf 91' lang='lat' dir='ltr'>modo</span> <span class='ocrx_word' id='word_1_88' title='bbox 456 1448 608 1508; x_wconf 89' lang='lat' dir='ltr'>attulimus</span> <span class='ocrx_word' id='word_1_89' title='bbox 630 1445 775 1508; x_wconf 89' lang='lat' dir='ltr'>enarratis</span> <span class='ocrx_word' id='word_1_90' title='bbox 795 1444 938 1524; x_wconf 87' lang='lat' dir='ltr'>Iosephus</span> <span class='ocrx_word' id='word_1_91' title='bbox 960 1444 1050 1506; x_wconf 86' lang='lat' dir='ltr'>linum</span> <span class='ocrx_word' id='word_1_92' title='bbox 1073 1444 1169 1521; x_wconf 88' lang='lat' dir='ltr'>impo-</span> 
     </span>
     <span class='ocr_line' id='line_1_12' title="bbox 43 1545 1170 1628; baseline -0.007 -16"><span class='ocrx_word' id='word_1_93' title='bbox 43 1552 83 1614; x_wconf 89' lang='lat' dir='ltr'>uit</span> <span class='ocrx_word' id='word_1_94' title='bbox 106 1549 190 1628; x_wconf 89' lang='lat' dir='ltr'>operi</span> <span class='ocrx_word' id='word_1_95' title='bbox 214 1548 250 1609; x_wconf 89' lang='lat' dir='ltr'>de</span> <span class='ocrx_word' id='word_1_96' title='bbox 274 1548 478 1626; x_wconf 88' lang='lat' dir='ltr'>arebaeologia</span> <span class='ocrx_word' id='word_1_97' title='bbox 505 1547 624 1610; x_wconf 88' lang='lat' dir='ltr'>Iudaica</span> <span class='ocrx_word' id='word_1_98' title='bbox 646 1546 834 1628; x_wconf 66' lang='lat' dir='ltr'>conscripum</span> <span class='ocrx_word' id='word_1_99' title='bbox 863 1545 972 1606; x_wconf 90' lang='lat' dir='ltr'>bellum</span> <span class='ocrx_word' id='word_1_100' title='bbox 994 1563 1066 1605; x_wconf 84' lang='lat' dir='ltr'>vero</span> <span class='ocrx_word' id='word_1_101' title='bbox 1089 1545 1170 1624; x_wconf 93' lang='lat' dir='ltr'>quod</span> 
     </span>
     <span class='ocr_line' id='line_1_13' title="bbox 40 1644 1243 1730; baseline -0.009 -12"><span class='ocrx_word' id='word_1_102' title='bbox 40 1644 217 1718; x_wconf 87' lang='lat' dir='ltr'>ludaeorum</span> <span class='ocrx_word' id='word_1_103' title='bbox 240 1651 425 1730; x_wconf 88' lang='lat' dir='ltr'>reipublicae</span> <span class='ocrx_word' id='word_1_104' title='bbox 455 1651 543 1712; x_wconf 88' lang='lat' dir='ltr'>latale</span> <span class='ocrx_word' id='word_1_105' title='bbox 567 1650 676 1728; x_wconf 85' lang='lat' dir='ltr'>cecidit</span> <span class='ocrx_word' id='word_1_106' title='bbox 706 1650 784 1711; x_wconf 89' lang='lat' dir='ltr'>idem</span> <span class='ocrx_word' id='word_1_107' title='bbox 808 1658 912 1710; x_wconf 88' lang='lat' dir='ltr'>auctor</span> <span class='ocrx_word' id='word_1_108' title='bbox 933 1648 1083 1714; x_wconf 86' lang='lat' dir='ltr'>volumine</span> <span class='ocrx_word' id='word_1_109' title='bbox 1110 1654 1170 1708; x_wconf 88' lang='lat' dir='ltr'>tra-</span> <span class='ocrx_word' id='word_1_110' title='bbox 1239 1673 1243 1686; x_wconf 72' lang='lat'>.</span> 
     </span>
     <span class='ocr_line' id='line_1_14' title="bbox 41 1747 1169 1831; baseline -0.005 -17"><span class='ocrx_word' id='word_1_111' title='bbox 41 1755 159 1816; x_wconf 89' lang='lat' dir='ltr'>diderat</span> <span class='ocrx_word' id='word_1_112' title='bbox 181 1752 334 1830; x_wconf 85' lang='lat' dir='ltr'>singulari.</span> <span class='ocrx_word' id='word_1_113' title='bbox 378 1751 446 1812; x_wconf 86' lang='lat' dir='ltr'>Pari</span> <span class='ocrx_word' id='word_1_114' title='bbox 470 1752 612 1814; x_wconf 91' lang='lat' dir='ltr'>modoet</span> <span class='ocrx_word' id='word_1_115' title='bbox 642 1752 707 1830; x_wconf 87' lang='lat' dir='ltr'>ipse</span> <span class='ocrx_word' id='word_1_116' title='bbox 736 1751 864 1815; x_wconf 91' lang='lat' dir='ltr'>Ioannes</span> <span class='ocrx_word' id='word_1_117' title='bbox 896 1749 946 1811; x_wconf 91' lang='lat' dir='ltr'>illa</span> <span class='ocrx_word' id='word_1_118' title='bbox 976 1767 1052 1831; x_wconf 87' lang='lat' dir='ltr'>quae</span> <span class='ocrx_word' id='word_1_119' title='bbox 1074 1747 1169 1829; x_wconf 83' lang='lat' dir='ltr'>expli-</span> 
     </span>
     <span class='ocr_line' id='line_1_15' title="bbox 39 1839 1168 1932; baseline -0.004 -16"><span class='ocrx_word' id='word_1_120' title='bbox 39 1855 171 1928; x_wconf 83' lang='lat' dir='ltr'>cavimus</span> <span class='ocrx_word' id='word_1_121' title='bbox 195 1860 287 1913; x_wconf 93' lang='lat' dir='ltr'>totum</span> <span class='ocrx_word' id='word_1_122' title='bbox 318 1852 465 1932; x_wconf 82' lang='lat' dir='ltr'>quoddam</span> <span class='ocrx_word' id='word_1_123' title='bbox 489 1871 542 1931; x_wconf 87' lang='lat' dir='ltr'>per</span> <span class='ocrx_word' id='word_1_124' title='bbox 571 1871 604 1914; x_wconf 93' lang='lat' dir='ltr'>se</span> <span class='ocrx_word' id='word_1_125' title='bbox 633 1839 827 1930; x_wconf 87' lang='lat' dir='ltr'>spectandum</span> <span class='ocrx_word' id='word_1_126' title='bbox 851 1859 881 1912; x_wconf 89' lang='lat' dir='ltr'>et</span> <span class='ocrx_word' id='word_1_127' title='bbox 910 1850 1168 1928; x_wconf 88' lang='lat' dir='ltr'>circumscriptum</span> 
     </span>
     <span class='ocr_line' id='line_1_16' title="bbox 38 1951 1168 2032; baseline -0.002 -17"><span class='ocrx_word' id='word_1_128' title='bbox 38 1955 169 2026; x_wconf 85' lang='lat' dir='ltr'>efficere,</span> <span class='ocrx_word' id='word_1_129' title='bbox 191 1970 250 2014; x_wconf 91' lang='lat' dir='ltr'>non</span> <span class='ocrx_word' id='word_1_130' title='bbox 273 1951 369 2014; x_wconf 86' lang='lat' dir='ltr'>solum</span> <span class='ocrx_word' id='word_1_131' title='bbox 393 1971 430 2012; x_wconf 89' lang='lat' dir='ltr'>eo</span> <span class='ocrx_word' id='word_1_132' title='bbox 452 1953 594 2014; x_wconf 89' lang='lat' dir='ltr'>indicavit</span> <span class='ocrx_word' id='word_1_133' title='bbox 617 1953 695 2032; x_wconf 93' lang='lat' dir='ltr'>quod</span> <span class='ocrx_word' id='word_1_134' title='bbox 720 1971 779 2014; x_wconf 88' lang='lat' dir='ltr'>non</span> <span class='ocrx_word' id='word_1_135' title='bbox 797 1952 898 2032; x_wconf 86' lang='lat' dir='ltr'>plures</span> <span class='ocrx_word' id='word_1_136' title='bbox 920 1952 1061 2015; x_wconf 88' lang='lat' dir='ltr'>educeret</span> <span class='ocrx_word' id='word_1_137' title='bbox 1083 1953 1168 2032; x_wconf 90' lang='lat' dir='ltr'>equi-</span> 
     </span>
     <span class='ocr_line' id='line_1_17' title="bbox 38 2053 1168 2132; baseline 0.002 -18"><span class='ocrx_word' id='word_1_138' title='bbox 38 2063 92 2128; x_wconf 88' lang='lat' dir='ltr'>tes,</span> <span class='ocrx_word' id='word_1_139' title='bbox 119 2053 328 2114; x_wconf 87' lang='lat' dir='ltr'>verumetiam</span> <span class='ocrx_word' id='word_1_140' title='bbox 351 2053 603 2132; x_wconf 86' lang='lat' dir='ltr'>subscriptionem</span> <span class='ocrx_word' id='word_1_141' title='bbox 625 2054 747 2116; x_wconf 91' lang='lat' dir='ltr'>addidit.</span> <span class='ocrx_word' id='word_1_142' title='bbox 793 2055 870 2116; x_wconf 89' lang='lat' dir='ltr'>Sunt</span> <span class='ocrx_word' id='word_1_143' title='bbox 887 2063 984 2116; x_wconf 89' lang='lat' dir='ltr'>autem</span> <span class='ocrx_word' id='word_1_144' title='bbox 1000 2054 1092 2115; x_wconf 87' lang='lat' dir='ltr'>verba</span> <span class='ocrx_word' id='word_1_145' title='bbox 1115 2074 1168 2116; x_wconf 90' lang='lat' dir='ltr'>ea:</span> 
     </span>
     <span class='ocr_line' id='line_1_18' title="bbox 36 2147 1169 2244; baseline -0.003 -22"><span class='ocrx_word' id='word_1_146' title='bbox 36 2157 88 2222; x_wconf 81' lang='lat' dir='ltr'>eei</span> <span class='ocrx_word' id='word_1_147' title='bbox 109 2155 127 2221; x_wconf 87' lang='grc' dir='ltr'>ὁ</span> <span class='ocrx_word' id='word_1_148' title='bbox 151 2147 227 2244; x_wconf 72' lang='grc' dir='ltr'>ᾅδης</span> <span class='ocrx_word' id='word_1_149' title='bbox 250 2153 430 2221; x_wconf 74' lang='grc' dir='ltr'><em>ἀκολουθεῖ.</em></span> <span class='ocrx_word' id='word_1_150' title='bbox 443 2153 506 2237; x_wconf 77' lang='grc' dir='ltr'>μετ’</span> <span class='ocrx_word' id='word_1_151' title='bbox 533 2153 631 2222; x_wconf 77' lang='grc' dir='ltr'><strong><em>αὐτοῦ</em></strong></span> <span class='ocrx_word' id='word_1_152' title='bbox 657 2155 708 2226; x_wconf 78' lang='grc' dir='ltr'>καὶ</span> <span class='ocrx_word' id='word_1_153' title='bbox 735 2151 839 2239; x_wconf 75' lang='grc' dir='ltr'><strong><em>ἐδόθη</em></strong></span> <span class='ocrx_word' id='word_1_154' title='bbox 867 2153 950 2240; x_wconf 71' lang='grc' dir='ltr'><strong><em>αὐτῷ</em></strong></span> <span class='ocrx_word' id='word_1_155' title='bbox 977 2155 1099 2232; x_wconf 81' lang='grc' dir='ltr'><strong><em>ἐξουσία</em></strong></span> <span class='ocrx_word' id='word_1_156' title='bbox 1121 2154 1169 2226; x_wconf 69' lang='grc' dir='ltr'>ἐπὶ</span> 
     </span>
     <span class='ocr_line' id='line_1_19' title="bbox 38 2256 1168 2344; baseline 0.001 -23"><span class='ocrx_word' id='word_1_157' title='bbox 38 2256 71 2324; x_wconf 77' lang='grc' dir='ltr'>τὸ</span> <span class='ocrx_word' id='word_1_158' title='bbox 94 2259 243 2340; x_wconf 74' lang='grc' dir='ltr'>τέταρτον</span> <span class='ocrx_word' id='word_1_159' title='bbox 263 2259 316 2342; x_wconf 81' lang='grc' dir='ltr'>τῆς</span> <span class='ocrx_word' id='word_1_160' title='bbox 337 2260 391 2344; x_wconf 67' lang='grc' dir='ltr'>γῆς</span> <span class='ocrx_word' id='word_1_161' title='bbox 411 2257 587 2324; x_wconf 78' lang='grc' dir='ltr'><strong><em>ἀποκτεῖναι</em></strong></span> <span class='ocrx_word' id='word_1_162' title='bbox 610 2263 644 2324; x_wconf 81' lang='grc' dir='ltr'>ἐν</span> <span class='ocrx_word' id='word_1_163' title='bbox 666 2258 803 2344; x_wconf 81' lang='grc' dir='ltr'><em>ῥομφαία</em></span> <span class='ocrx_word' id='word_1_164' title='bbox 825 2257 876 2326; x_wconf 74' lang='grc' dir='ltr'>καὶ</span> <span class='ocrx_word' id='word_1_165' title='bbox 902 2261 935 2324; x_wconf 78' lang='grc' dir='ltr'>ἐν</span> <span class='ocrx_word' id='word_1_166' title='bbox 957 2259 1035 2342; x_wconf 77' lang='grc' dir='ltr'>λιμῷ</span> <span class='ocrx_word' id='word_1_167' title='bbox 1061 2257 1112 2322; x_wconf 76' lang='lat' dir='ltr'>eui</span> <span class='ocrx_word' id='word_1_168' title='bbox 1133 2261 1168 2322; x_wconf 76' lang='grc' dir='ltr'>ἐν</span> 
     </span>
     <span class='ocr_line' id='line_1_20' title="bbox 37 2351 1169 2444; baseline 0.002 -22"><span class='ocrx_word' id='word_1_169' title='bbox 37 2351 171 2440; x_wconf 73' lang='grc' dir='ltr'><strong><em>θανάτῳ</em></strong></span> <span class='ocrx_word' id='word_1_170' title='bbox 193 2357 244 2422; x_wconf 78' lang='grc' dir='ltr'>καὶ</span> <span class='ocrx_word' id='word_1_171' title='bbox 267 2354 326 2423; x_wconf 73' lang='grc' dir='ltr'>ὑπὸ</span> <span class='ocrx_word' id='word_1_172' title='bbox 349 2361 410 2421; x_wconf 80' lang='grc' dir='ltr'>τῶν</span> <span class='ocrx_word' id='word_1_173' title='bbox 424 2361 545 2440; x_wconf 81' lang='grc' dir='ltr'><strong><em>θηρίων</em></strong></span> <span class='ocrx_word' id='word_1_174' title='bbox 566 2362 620 2444; x_wconf 77' lang='grc' dir='ltr'>τῆς</span> <span class='ocrx_word' id='word_1_175' title='bbox 641 2364 706 2444; x_wconf 76' lang='grc' dir='ltr'>γῆς.</span> <span class='ocrx_word' id='word_1_176' title='bbox 737 2360 786 2421; x_wconf 91' lang='lat' dir='ltr'>Uti</span> <span class='ocrx_word' id='word_1_177' title='bbox 807 2360 943 2423; x_wconf 81' lang='lat' dir='ltr'>Christus</span> <span class='ocrx_word' id='word_1_178' title='bbox 959 2359 1169 2440; x_wconf 82' lang='lat' dir='ltr'>praegreditur</span> 
     </span>
     <span class='ocr_line' id='line_1_21' title="bbox 35 2459 1168 2546; baseline -0.004 -24"><span class='ocrx_word' id='word_1_179' title='bbox 35 2470 98 2522; x_wconf 90' lang='lat' dir='ltr'>tres</span> <span class='ocrx_word' id='word_1_180' title='bbox 125 2461 251 2540; x_wconf 88' lang='lat' dir='ltr'>equites,</span> <span class='ocrx_word' id='word_1_181' title='bbox 270 2459 309 2520; x_wconf 90' lang='lat' dir='ltr'>ita</span> <span class='ocrx_word' id='word_1_182' title='bbox 331 2459 471 2522; x_wconf 89' lang='lat' dir='ltr'>Inlernus</span> <span class='ocrx_word' id='word_1_183' title='bbox 495 2479 557 2531; x_wconf 88' lang='lat' dir='ltr'>eos,</span> <span class='ocrx_word' id='word_1_184' title='bbox 581 2463 716 2540; x_wconf 85' lang='lat' dir='ltr'>proxime</span> <span class='ocrx_word' id='word_1_185' title='bbox 740 2463 832 2540; x_wconf 92' lang='lat' dir='ltr'>igitur</span> <span class='ocrx_word' id='word_1_186' title='bbox 846 2472 983 2537; x_wconf 90' lang='lat' dir='ltr'>mortem,</span> <span class='ocrx_word' id='word_1_187' title='bbox 1009 2464 1168 2546; x_wconf 64' lang='lat' dir='ltr'>consequiv</span> 
     </span>
     <span class='ocr_line' id='line_1_22' title="bbox 35 2557 1167 2646; baseline 0.002 -22"><span class='ocrx_word' id='word_1_188' title='bbox 35 2575 92 2625; x_wconf 90' lang='lat' dir='ltr'>tur.</span> <span class='ocrx_word' id='word_1_189' title='bbox 131 2562 297 2643; x_wconf 85' lang='lat' dir='ltr'>Exequitur</span> <span class='ocrx_word' id='word_1_190' title='bbox 313 2579 384 2622; x_wconf 88' lang='lat' dir='ltr'>vero</span> <span class='ocrx_word' id='word_1_191' title='bbox 406 2562 455 2624; x_wconf 89' lang='lat' dir='ltr'>bio</span> <span class='ocrx_word' id='word_1_192' title='bbox 472 2563 609 2624; x_wconf 88' lang='lat' dir='ltr'>mandata</span> <span class='ocrx_word' id='word_1_193' title='bbox 633 2563 732 2626; x_wconf 90' lang='lat' dir='ltr'>diviua</span> <span class='ocrx_word' id='word_1_194' title='bbox 755 2557 886 2646; x_wconf 61' lang='lat' dir='ltr'>(alleg)</span> <span class='ocrx_word' id='word_1_195' title='bbox 900 2565 930 2642; x_wconf 88' lang='lat'>*)</span> <span class='ocrx_word' id='word_1_196' title='bbox 953 2565 982 2625; x_wconf 86' lang='lat' dir='ltr'>ln</span> <span class='ocrx_word' id='word_1_197' title='bbox 1002 2565 1167 2627; x_wconf 87' lang='lat' dir='ltr'>occidendo</span> 
     </span>
     <span class='ocr_line' id='line_1_23' title="bbox 34 2665 1167 2750; baseline -0.002 -20"><span class='ocrx_word' id='word_1_198' title='bbox 34 2687 90 2748; x_wconf 89' lang='lat' dir='ltr'>per</span> <span class='ocrx_word' id='word_1_199' title='bbox 113 2665 245 2746; x_wconf 76' lang='lat' dir='ltr'>gladium</span> <span class='ocrx_word' id='word_1_200' title='bbox 269 2667 376 2726; x_wconf 83' lang='lat' dir='ltr'>samem</span> <span class='ocrx_word' id='word_1_201' title='bbox 400 2673 526 2728; x_wconf 90' lang='lat' dir='ltr'>mortem</span> <span class='ocrx_word' id='word_1_202' title='bbox 547 2666 575 2726; x_wconf 89' lang='lat' dir='ltr'>h.</span> <span class='ocrx_word' id='word_1_203' title='bbox 601 2685 626 2728; x_wconf 93' lang='lat' dir='ltr'>e.</span> <span class='ocrx_word' id='word_1_204' title='bbox 652 2685 708 2746; x_wconf 89' lang='lat' dir='ltr'>per</span> <span class='ocrx_word' id='word_1_205' title='bbox 735 2675 795 2728; x_wconf 90' lang='lat' dir='ltr'>tres</span> <span class='ocrx_word' id='word_1_206' title='bbox 826 2665 893 2728; x_wconf 93' lang='lat' dir='ltr'>illos</span> <span class='ocrx_word' id='word_1_207' title='bbox 918 2667 1032 2750; x_wconf 88' lang='lat' dir='ltr'>equites</span> <span class='ocrx_word' id='word_1_208' title='bbox 1056 2665 1167 2746; x_wconf 88' lang='lat' dir='ltr'>quibus</span> 
     </span>
    </p>
   </div>
   <div class='ocr_carea' id='block_1_3' title="bbox 34 2767 1168 2946">
    <p class='ocr_par' dir='ltr' id='par_1_3' title="bbox 34 2767 1168 2946">
     <span class='ocr_line' id='line_1_24' title="bbox 35 2767 1168 2852; baseline 0 -20"><span class='ocrx_word' id='word_1_209' title='bbox 35 2779 142 2852; x_wconf 89' lang='lat' dir='ltr'>quarto</span> <span class='ocrx_word' id='word_1_210' title='bbox 166 2769 231 2830; x_wconf 93' lang='lat' dir='ltr'>loco</span> <span class='ocrx_word' id='word_1_211' title='bbox 261 2767 442 2830; x_wconf 88' lang='lat' dir='ltr'>adiiciuntur</span> <span class='ocrx_word' id='word_1_212' title='bbox 467 2769 593 2832; x_wconf 87' lang='lat' dir='ltr'>bestiae.</span> <span class='ocrx_word' id='word_1_213' title='bbox 640 2771 776 2834; x_wconf 88' lang='lat' dir='ltr'>Gladium</span> <span class='ocrx_word' id='word_1_214' title='bbox 809 2771 917 2833; x_wconf 83' lang='lat' dir='ltr'>samem</span> <span class='ocrx_word' id='word_1_215' title='bbox 942 2780 1058 2851; x_wconf 89' lang='lat' dir='ltr'>pestem</span> <span class='ocrx_word' id='word_1_216' title='bbox 1079 2771 1168 2833; x_wconf 90' lang='lat' dir='ltr'>mini-</span> 
     </span>
     <span class='ocr_line' id='line_1_25' title="bbox 34 2869 1166 2946; baseline -0.001 -12"><span class='ocrx_word' id='word_1_217' title='bbox 34 2883 114 2936; x_wconf 86' lang='lat' dir='ltr'>tatur</span> <span class='ocrx_word' id='word_1_218' title='bbox 145 2872 219 2933; x_wconf 86' lang='lat' dir='ltr'>deus</span> <span class='ocrx_word' id='word_1_219' title='bbox 248 2870 367 2933; x_wconf 88' lang='lat' dir='ltr'>Iudaeis</span> <span class='ocrx_word' id='word_1_220' title='bbox 394 2871 452 2931; x_wconf 93' lang='lat' dir='ltr'>Ier.</span> <span class='ocrx_word' id='word_1_221' title='bbox 475 2869 548 2943; x_wconf 88' lang='lat' dir='ltr'>XIV,</span> <span class='ocrx_word' id='word_1_222' title='bbox 575 2869 624 2932; x_wconf 87' lang='lat'>12.</span> <span class='ocrx_word' id='word_1_223' title='bbox 653 2871 753 2946; x_wconf 86' lang='lat' dir='ltr'>XXIV,</span> <span class='ocrx_word' id='word_1_224' title='bbox 780 2871 828 2936; x_wconf 87' lang='lat' dir='ltr'>tu.</span> <span class='ocrx_word' id='word_1_225' title='bbox 858 2871 972 2945; x_wconf 80' lang='lat' dir='ltr'>XXVII,</span> <span class='ocrx_word' id='word_1_226' title='bbox 996 2871 1026 2936; x_wconf 83' lang='grc'>8.</span> <span class='ocrx_word' id='word_1_227' title='bbox 1049 2871 1166 2946; x_wconf 87' lang='lat' dir='ltr'>XXXII,</span> 
     </span>
    </p>
   </div>
   <div class='ocr_carea' id='block_1_4' title="bbox 30 2969 1168 3972">
    <p class='ocr_par' dir='ltr' id='par_1_4' title="bbox 30 2969 1168 3972">
     <span class='ocr_line' id='line_1_26' title="bbox 33 2969 1167 3054; baseline 0 -18"><span class='ocrx_word' id='word_1_228' title='bbox 33 2972 86 3036; x_wconf 88' lang='lat'>36.</span> <span class='ocrx_word' id='word_1_229' title='bbox 109 2971 265 3046; x_wconf 87' lang='lat' dir='ltr'>XXXVIII,</span> <span class='ocrx_word' id='word_1_230' title='bbox 289 2969 318 3034; x_wconf 83' lang='lat'>2.</span> <span class='ocrx_word' id='word_1_231' title='bbox 349 2972 439 3046; x_wconf 88' lang='lat' dir='ltr'>XLII,</span> <span class='ocrx_word' id='word_1_232' title='bbox 466 2971 514 3033; x_wconf 83' lang='lat' dir='ltr'>lt.</span> <span class='ocrx_word' id='word_1_233' title='bbox 538 2971 637 3045; x_wconf 87' lang='lat' dir='ltr'>XLIV,</span> <span class='ocrx_word' id='word_1_234' title='bbox 662 2972 711 3034; x_wconf 88' lang='grc'>13.</span> <span class='ocrx_word' id='word_1_235' title='bbox 758 2974 893 3036; x_wconf 90' lang='lat' dir='ltr'>Gladium</span> <span class='ocrx_word' id='word_1_236' title='bbox 918 2983 1033 3054; x_wconf 90' lang='lat' dir='ltr'>pestem</span> <span class='ocrx_word' id='word_1_237' title='bbox 1059 2977 1167 3039; x_wconf 86' lang='lat' dir='ltr'>tamem</span> 
     </span>
     <span class='ocr_line' id='line_1_27' title="bbox 32 3071 1167 3152; baseline 0.001 -15"><span class='ocrx_word' id='word_1_238' title='bbox 32 3074 168 3149; x_wconf 90' lang='lat' dir='ltr'>XXXIV,</span> <span class='ocrx_word' id='word_1_239' title='bbox 192 3071 239 3135; x_wconf 85' lang='lat' dir='ltr'>tt.</span> <span class='ocrx_word' id='word_1_240' title='bbox 285 3072 404 3134; x_wconf 89' lang='lat' dir='ltr'>Pestem</span> <span class='ocrx_word' id='word_1_241' title='bbox 434 3073 563 3152; x_wconf 93' lang='lat' dir='ltr'>gladium</span> <span class='ocrx_word' id='word_1_242' title='bbox 594 3075 701 3138; x_wconf 86' lang='lat' dir='ltr'>lumem</span> <span class='ocrx_word' id='word_1_243' title='bbox 733 3074 810 3148; x_wconf 91' lang='lat' dir='ltr'>XXI,</span> <span class='ocrx_word' id='word_1_244' title='bbox 835 3073 864 3136; x_wconf 83' lang='lat' dir='ltr'>t.</span> <span class='ocrx_word' id='word_1_245' title='bbox 909 3074 1030 3136; x_wconf 87' lang='lat' dir='ltr'>Pestem</span> <span class='ocrx_word' id='word_1_246' title='bbox 1061 3077 1167 3139; x_wconf 83' lang='lat' dir='ltr'>samem</span> 
     </span>
     <span class='ocr_line' id='line_1_28' title="bbox 33 3171 1167 3258; baseline 0.004 -21"><span class='ocrx_word' id='word_1_247' title='bbox 33 3175 170 3256; x_wconf 91' lang='lat' dir='ltr'>gladium</span> <span class='ocrx_word' id='word_1_248' title='bbox 187 3171 294 3235; x_wconf 78' lang='lat' dir='ltr'>Erech.</span> <span class='ocrx_word' id='word_1_249' title='bbox 317 3174 349 3246; x_wconf 94' lang='lat' dir='ltr'>V,</span> <span class='ocrx_word' id='word_1_250' title='bbox 375 3171 424 3236; x_wconf 78' lang='lat'>12.</span> <span class='ocrx_word' id='word_1_251' title='bbox 470 3175 529 3236; x_wconf 87' lang='lat' dir='ltr'>Sed</span> <span class='ocrx_word' id='word_1_252' title='bbox 554 3175 639 3238; x_wconf 87' lang='lat' dir='ltr'>locus</span> <span class='ocrx_word' id='word_1_253' title='bbox 661 3196 749 3258; x_wconf 90' lang='lat' dir='ltr'>quem</span> <span class='ocrx_word' id='word_1_254' title='bbox 772 3177 900 3240; x_wconf 89' lang='lat' dir='ltr'>Ioannes</span> <span class='ocrx_word' id='word_1_255' title='bbox 919 3178 1053 3256; x_wconf 84' lang='lat' dir='ltr'>proxInte</span> <span class='ocrx_word' id='word_1_256' title='bbox 1077 3197 1167 3240; x_wconf 88' lang='lat' dir='ltr'>seeu-</span> 
     </span>
     <span class='ocr_line' id='line_1_29' title="bbox 34 3271 1168 3362; baseline 0.004 -25"><span class='ocrx_word' id='word_1_257' title='bbox 34 3287 83 3337; x_wconf 89' lang='lat' dir='ltr'>tus</span> <span class='ocrx_word' id='word_1_258' title='bbox 107 3281 164 3347; x_wconf 89' lang='lat' dir='ltr'>est,</span> <span class='ocrx_word' id='word_1_259' title='bbox 187 3273 295 3350; x_wconf 85' lang='lat' dir='ltr'>legitur</span> <span class='ocrx_word' id='word_1_260' title='bbox 318 3271 426 3334; x_wconf 86' lang='lat' dir='ltr'>Ezecb.</span> <span class='ocrx_word' id='word_1_261' title='bbox 450 3273 524 3348; x_wconf 89' lang='lat' dir='ltr'>XlV‚</span> <span class='ocrx_word' id='word_1_262' title='bbox 546 3272 606 3337; x_wconf 83' lang='lat'>21:</span> <span class='ocrx_word' id='word_1_263' title='bbox 635 3271 711 3340; x_wconf 78' lang='lat' dir='ltr'>wide</span> <span class='ocrx_word' id='word_1_264' title='bbox 732 3276 812 3355; x_wconf 76' lang='grc' dir='ltr'><em>λέγει</em></span> <span class='ocrx_word' id='word_1_265' title='bbox 833 3273 951 3362; x_wconf 79' lang='grc' dir='ltr'><strong><em>κύριος·</em></strong></span> <span class='ocrx_word' id='word_1_266' title='bbox 982 3273 1037 3343; x_wconf 79' lang='grc' dir='ltr'>ἐὰν</span> <span class='ocrx_word' id='word_1_267' title='bbox 1059 3275 1095 3342; x_wconf 82' lang='grc' dir='ltr'>δὲ</span> <span class='ocrx_word' id='word_1_268' title='bbox 1117 3278 1168 3344; x_wconf 74' lang='grc' dir='ltr'>καὶ</span> 
     </span>
     <span class='ocr_line' id='line_1_30' title="bbox 31 3370 1168 3464; baseline 0.006 -27"><span class='ocrx_word' id='word_1_269' title='bbox 31 3375 87 3452; x_wconf 76' lang='grc' dir='ltr'>τὰς</span> <span class='ocrx_word' id='word_1_270' title='bbox 112 3378 264 3464; x_wconf 69' lang='grc' dir='ltr'><strong><em>τέσσαρας</em></strong></span> <span class='ocrx_word' id='word_1_271' title='bbox 297 3370 463 3458; x_wconf 63' lang='lat' dir='ltr'>indeciduam</span> <span class='ocrx_word' id='word_1_272' title='bbox 487 3400 547 3459; x_wconf 84' lang='grc' dir='ltr'>μου</span> <span class='ocrx_word' id='word_1_273' title='bbox 576 3374 631 3456; x_wconf 76' lang='grc' dir='ltr'>τὰς</span> <span class='ocrx_word' id='word_1_274' title='bbox 660 3377 799 3464; x_wconf 62' lang='lat' dir='ltr'>coenosis</span> <span class='ocrx_word' id='word_1_275' title='bbox 823 3378 972 3463; x_wconf 72' lang='grc' dir='ltr'><strong><em>ῥομφαίαν</em></strong></span> <span class='ocrx_word' id='word_1_276' title='bbox 1001 3381 1052 3446; x_wconf 80' lang='lat' dir='ltr'>aci</span> <span class='ocrx_word' id='word_1_277' title='bbox 1077 3378 1168 3463; x_wconf 76' lang='grc' dir='ltr'><strong><em>λιμὸν</em></strong></span> 
     </span>
     <span class='ocr_line' id='line_1_31' title="bbox 35 3471 1167 3563; baseline 0 -20"><span class='ocrx_word' id='word_1_278' title='bbox 35 3477 87 3544; x_wconf 76' lang='grc' dir='ltr'>καὶ</span> <span class='ocrx_word' id='word_1_279' title='bbox 101 3480 205 3562; x_wconf 74' lang='grc' dir='ltr'><strong><em>θηρία</em></strong></span> <span class='ocrx_word' id='word_1_280' title='bbox 227 3471 347 3560; x_wconf 76' lang='grc' dir='ltr'><em>πονηρὰ</em></span> <span class='ocrx_word' id='word_1_281' title='bbox 368 3477 419 3540; x_wconf 80' lang='grc' dir='ltr'>καὶ</span> <span class='ocrx_word' id='word_1_282' title='bbox 440 3473 586 3541; x_wconf 76' lang='grc' dir='ltr'><strong><em>θάνατον</em></strong></span> <span class='ocrx_word' id='word_1_283' title='bbox 605 3478 804 3552; x_wconf 68' lang='grc' dir='ltr'>ἐξαποστεῖλαι</span> <span class='ocrx_word' id='word_1_284' title='bbox 824 3479 876 3542; x_wconf 79' lang='grc' dir='ltr'>ἐπὶ</span> <span class='ocrx_word' id='word_1_285' title='bbox 894 3477 1093 3563; x_wconf 80' lang='grc' dir='ltr'><strong><em>Ἰερουσαλήμ</em></strong></span> <span class='ocrx_word' id='word_1_286' title='bbox 1116 3481 1167 3544; x_wconf 92' lang='lat' dir='ltr'>ubi</span> 
     </span>
     <span class='ocr_line' id='line_1_32' title="bbox 32 3579 1165 3662; baseline 0.001 -20"><span class='ocrx_word' id='word_1_287' title='bbox 32 3599 112 3662; x_wconf 89' lang='lat' dir='ltr'>quae</span> <span class='ocrx_word' id='word_1_288' title='bbox 139 3584 306 3657; x_wconf 86' lang='lat' dir='ltr'>sequuntur</span> <span class='ocrx_word' id='word_1_289' title='bbox 329 3586 540 3656; x_wconf 80' lang='lat' dir='ltr'>comparentur</span> <span class='ocrx_word' id='word_1_290' title='bbox 567 3597 634 3641; x_wconf 92' lang='lat' dir='ltr'>cum</span> <span class='ocrx_word' id='word_1_291' title='bbox 660 3579 698 3643; x_wconf 92' lang='lat' dir='ltr'>iis</span> <span class='ocrx_word' id='word_1_292' title='bbox 721 3599 797 3661; x_wconf 93' lang='lat' dir='ltr'>quae</span> <span class='ocrx_word' id='word_1_293' title='bbox 823 3588 902 3642; x_wconf 86' lang='lat' dir='ltr'>vates</span> <span class='ocrx_word' id='word_1_294' title='bbox 934 3589 1037 3642; x_wconf 89' lang='lat' dir='ltr'>noster</span> <span class='ocrx_word' id='word_1_295' title='bbox 1059 3601 1085 3642; x_wconf 90' lang='lat' dir='ltr'>c.</span> <span class='ocrx_word' id='word_1_296' title='bbox 1104 3581 1165 3644; x_wconf 95' lang='lat' dir='ltr'>VlI.</span> 
     </span>
     <span class='ocr_line' id='line_1_33' title="bbox 30 3679 1167 3754; baseline 0.005 -10"><span class='ocrx_word' id='word_1_297' title='bbox 30 3688 146 3744; x_wconf 91' lang='lat' dir='ltr'>narrat.</span> <span class='ocrx_word' id='word_1_298' title='bbox 192 3679 276 3754; x_wconf 83' lang='lat' dir='ltr'>Quod</span> <span class='ocrx_word' id='word_1_299' title='bbox 299 3698 370 3741; x_wconf 86' lang='lat' dir='ltr'>uero</span> <span class='ocrx_word' id='word_1_300' title='bbox 393 3679 428 3740; x_wconf 92' lang='lat' dir='ltr'>ad</span> <span class='ocrx_word' id='word_1_301' title='bbox 453 3681 565 3744; x_wconf 90' lang='lat' dir='ltr'>bestias</span> <span class='ocrx_word' id='word_1_302' title='bbox 579 3683 683 3746; x_wconf 88' lang='lat' dir='ltr'>attinet</span> <span class='ocrx_word' id='word_1_303' title='bbox 697 3684 849 3750; x_wconf 86' lang='lat' dir='ltr'>Herderus</span> <span class='ocrx_word' id='word_1_304' title='bbox 873 3685 962 3748; x_wconf 82' lang='lat' dir='ltr'>dloit:</span> <span class='ocrx_word' id='word_1_305' title='bbox 984 3685 1038 3747; x_wconf 89' lang='lat' dir='ltr'>liie</span> <span class='ocrx_word' id='word_1_306' title='bbox 1059 3685 1167 3752; x_wconf 89' lang='lat' dir='ltr'>Leich-</span> 
     </span>
     <span class='ocr_line' id='line_1_34' title="bbox 30 3783 1166 3864; baseline 0.003 -16"><span class='ocrx_word' id='word_1_307' title='bbox 30 3805 123 3848; x_wconf 89' lang='lat' dir='ltr'>name</span> <span class='ocrx_word' id='word_1_308' title='bbox 146 3784 232 3864; x_wconf 89' lang='lat' dir='ltr'>lagen</span> <span class='ocrx_word' id='word_1_309' title='bbox 254 3801 290 3844; x_wconf 91' lang='lat' dir='ltr'>an</span> <span class='ocrx_word' id='word_1_310' title='bbox 316 3783 372 3846; x_wconf 90' lang='lat' dir='ltr'>den</span> <span class='ocrx_word' id='word_1_311' title='bbox 402 3785 622 3849; x_wconf 88' lang='lat' dir='ltr'>Landstrassen</span> <span class='ocrx_word' id='word_1_312' title='bbox 653 3787 711 3848; x_wconf 91' lang='lat' dir='ltr'>und</span> <span class='ocrx_word' id='word_1_313' title='bbox 735 3788 858 3852; x_wconf 85' lang='lat' dir='ltr'>worden</span> <span class='ocrx_word' id='word_1_314' title='bbox 879 3807 936 3850; x_wconf 89' lang='lat' dir='ltr'>von</span> <span class='ocrx_word' id='word_1_315' title='bbox 961 3788 1018 3850; x_wconf 91' lang='lat' dir='ltr'>den</span> <span class='ocrx_word' id='word_1_316' title='bbox 1036 3789 1166 3854; x_wconf 88' lang='lat' dir='ltr'>Tbieren</span> 
     </span>
     <span class='ocr_line' id='line_1_35' title="bbox 30 3889 1167 3972; baseline 0.002 -18"><span class='ocrx_word' id='word_1_317' title='bbox 30 3893 193 3972; x_wconf 88' lang='lat' dir='ltr'>gelressen</span> <span class='ocrx_word' id='word_1_318' title='bbox 222 3891 353 3960; x_wconf 90' lang='lat' dir='ltr'>(summa</span> <span class='ocrx_word' id='word_1_319' title='bbox 375 3908 446 3950; x_wconf 85' lang='lat' dir='ltr'>vero</span> <span class='ocrx_word' id='word_1_320' title='bbox 467 3889 545 3952; x_wconf 89' lang='lat' dir='ltr'>inter</span> <span class='ocrx_word' id='word_1_321' title='bbox 564 3890 691 3957; x_wconf 85' lang='lat' dir='ltr'>Iudaeos</span> <span class='ocrx_word' id='word_1_322' title='bbox 723 3892 846 3956; x_wconf 90' lang='lat' dir='ltr'>miseria</span> <span class='ocrx_word' id='word_1_323' title='bbox 869 3890 1033 3954; x_wconf 89' lang='lat' dir='ltr'>ducebatur</span> <span class='ocrx_word' id='word_1_324' title='bbox 1048 3891 1075 3951; x_wconf 90' lang='lat' dir='ltr'>si</span> <span class='ocrx_word' id='word_1_325' title='bbox 1099 3891 1167 3970; x_wconf 85' lang='lat' dir='ltr'>quis</span> 
     </span>
    </p>
   </div>
   <div class='ocr_carea' id='block_1_5' title="bbox 30 3989 1165 4090">
    <p class='ocr_par' dir='ltr' id='par_1_5' title="bbox 30 3989 1165 4090">
     <span class='ocr_line' id='line_1_36' title="bbox 30 3989 1165 4090; baseline 0.001 -33"><span class='ocrx_word' id='word_1_326' title='bbox 30 3996 151 4056; x_wconf 88' lang='lat' dir='ltr'>iaceret</span> <span class='ocrx_word' id='word_1_327' title='bbox 173 3989 367 4069; x_wconf 85' lang='lat' dir='ltr'>insepultus),</span> <span class='ocrx_word' id='word_1_328' title='bbox 392 3991 445 4053; x_wconf 90' lang='lat' dir='ltr'>sed</span> <span class='ocrx_word' id='word_1_329' title='bbox 470 3993 609 4072; x_wconf 89' lang='lat' dir='ltr'>quoniam</span> <span class='ocrx_word' id='word_1_330' title='bbox 632 3993 745 4056; x_wconf 86' lang='lat' dir='ltr'>bestiae</span> <span class='ocrx_word' id='word_1_331' title='bbox 774 3995 803 4058; x_wconf 92' lang='lat' dir='ltr'>h.</span> <span class='ocrx_word' id='word_1_332' title='bbox 829 3993 848 4056; x_wconf 93' lang='lat' dir='ltr'>l.</span> <span class='ocrx_word' id='word_1_333' title='bbox 872 4012 931 4064; x_wconf 86' lang='lat' dir='ltr'>uon</span> <span class='ocrx_word' id='word_1_334' title='bbox 955 4001 1088 4057; x_wconf 88' lang='lat' dir='ltr'>mortuos</span> <span class='ocrx_word' id='word_1_335' title='bbox 1111 3993 1165 4090; x_wconf 84' lang='lat' dir='ltr'>de-</span> 
     </span>
    </p>
   </div>
   <div class='ocr_carea' id='block_1_6' title="bbox 28 4161 269 4179">
    <p class='ocr_par' dir='ltr' id='par_1_6' title="bbox 28 4161 269 4179">
     <span class='ocr_line' id='line_1_37' title="bbox 28 4161 269 4179; baseline -0.012 -3"><span class='ocrx_word' id='word_1_336' title='bbox 28 4161 269 4179; x_wconf 65' lang='lat' dir='ltr'>..n—u--n-t</span> 
     </span>
    </p>
   </div>
   <div class='ocr_carea' id='block_1_7' title="bbox 30 4275 1167 4522">
    <p class='ocr_par' dir='ltr' id='par_1_7' title="bbox 30 4275 1167 4522">
     <span class='ocr_line' id='line_1_38' title="bbox 139 4275 1167 4348; baseline 0.007 -21"><span class='ocrx_word' id='word_1_337' title='bbox 139 4275 165 4342; x_wconf 76' lang='lat' dir='ltr'>*J</span> <span class='ocrx_word' id='word_1_338' title='bbox 184 4277 259 4327; x_wconf 83' lang='lat' dir='ltr'>Tenet</span> <span class='ocrx_word' id='word_1_339' title='bbox 276 4277 338 4328; x_wconf 89' lang='lat' dir='ltr'>enim</span> <span class='ocrx_word' id='word_1_340' title='bbox 360 4277 469 4328; x_wconf 85' lang='lat' dir='ltr'>Christus</span> <span class='ocrx_word' id='word_1_341' title='bbox 487 4277 563 4329; x_wconf 86' lang='lat' dir='ltr'>claves</span> <span class='ocrx_word' id='word_1_342' title='bbox 579 4279 664 4330; x_wconf 90' lang='lat' dir='ltr'>mortis</span> <span class='ocrx_word' id='word_1_343' title='bbox 683 4287 706 4332; x_wconf 89' lang='lat' dir='ltr'>et</span> <span class='ocrx_word' id='word_1_344' title='bbox 724 4281 810 4331; x_wconf 88' lang='lat' dir='ltr'>inlernl</span> <span class='ocrx_word' id='word_1_345' title='bbox 831 4281 849 4342; x_wconf 89' lang='lat' dir='ltr'>l,</span> <span class='ocrx_word' id='word_1_346' title='bbox 864 4281 905 4332; x_wconf 88' lang='lat'>18.</span> <span class='ocrx_word' id='word_1_347' title='bbox 941 4279 998 4329; x_wconf 90' lang='lat' dir='ltr'>lude</span> <span class='ocrx_word' id='word_1_348' title='bbox 1016 4281 1085 4332; x_wconf 89' lang='lat' dir='ltr'>etlam</span> <span class='ocrx_word' id='word_1_349' title='bbox 1104 4283 1167 4348; x_wconf 91' lang='lat' dir='ltr'>quod</span> 
     </span>
     <span class='ocr_line' id='line_1_39' title="bbox 30 4365 1167 4434; baseline -0.002 -16"><span class='ocrx_word' id='word_1_350' title='bbox 30 4365 110 4434; x_wconf 86' lang='lat' dir='ltr'>primi</span> <span class='ocrx_word' id='word_1_351' title='bbox 130 4365 218 4429; x_wconf 85' lang='lat' dir='ltr'>equitis</span> <span class='ocrx_word' id='word_1_352' title='bbox 237 4377 324 4414; x_wconf 84' lang='lat' dir='ltr'>munus</span> <span class='ocrx_word' id='word_1_353' title='bbox 342 4379 390 4413; x_wconf 91' lang='lat' dir='ltr'>nou</span> <span class='ocrx_word' id='word_1_354' title='bbox 412 4365 527 4430; x_wconf 87' lang='lat' dir='ltr'>repetitur</span> <span class='ocrx_word' id='word_1_355' title='bbox 545 4365 607 4415; x_wconf 87' lang='lat' dir='ltr'>inter</span> <span class='ocrx_word' id='word_1_356' title='bbox 623 4379 650 4415; x_wconf 86' lang='lat' dir='ltr'>ea</span> <span class='ocrx_word' id='word_1_357' title='bbox 668 4379 728 4429; x_wconf 86' lang='lat' dir='ltr'>quae</span> <span class='ocrx_word' id='word_1_358' title='bbox 746 4367 798 4416; x_wconf 86' lang='lat' dir='ltr'>data</span> <span class='ocrx_word' id='word_1_359' title='bbox 816 4373 872 4415; x_wconf 87' lang='lat' dir='ltr'>sunt</span> <span class='ocrx_word' id='word_1_360' title='bbox 892 4365 1001 4426; x_wconf 84' lang='lat' dir='ltr'>Inlerno,</span> <span class='ocrx_word' id='word_1_361' title='bbox 1024 4375 1120 4431; x_wconf 82' lang='lat' dir='ltr'>apparet</span> <span class='ocrx_word' id='word_1_362' title='bbox 1137 4367 1167 4416; x_wconf 91' lang='lat' dir='ltr'>il-</span> 
     </span>
     <span class='ocr_line' id='line_1_40' title="bbox 30 4449 1128 4522; baseline -0.005 -15"><span class='ocrx_word' id='word_1_363' title='bbox 30 4458 86 4507; x_wconf 82' lang='lat' dir='ltr'>toat</span> <span class='ocrx_word' id='word_1_364' title='bbox 108 4465 165 4518; x_wconf 82' lang='lat' dir='ltr'>pree</span> <span class='ocrx_word' id='word_1_365' title='bbox 184 4451 269 4506; x_wconf 80' lang='lat' dir='ltr'>ceteris</span> <span class='ocrx_word' id='word_1_366' title='bbox 290 4451 394 4504; x_wconf 83' lang='lat' dir='ltr'>eminere</span> <span class='ocrx_word' id='word_1_367' title='bbox 412 4457 438 4504; x_wconf 89' lang='lat' dir='ltr'>nt</span> <span class='ocrx_word' id='word_1_368' title='bbox 456 4450 540 4522; x_wconf 78' lang='lat' dir='ltr'>dueum</span> <span class='ocrx_word' id='word_1_369' title='bbox 556 4465 695 4518; x_wconf 80' lang='lat' dir='ltr'>supremam</span> <span class='ocrx_word' id='word_1_370' title='bbox 712 4451 750 4520; x_wconf 76' lang='lat' dir='ltr'>cei</span> <span class='ocrx_word' id='word_1_371' title='bbox 772 4451 881 4504; x_wconf 79' lang='lat' dir='ltr'>sublibus</span> <span class='ocrx_word' id='word_1_372' title='bbox 898 4456 921 4501; x_wconf 87' lang='lat' dir='ltr'>et</span> <span class='ocrx_word' id='word_1_373' title='bbox 940 4449 992 4516; x_wconf 77' lang='lat' dir='ltr'>lpse</span> <span class='ocrx_word' id='word_1_374' title='bbox 1011 4450 1128 4504; x_wconf 81' lang='lat' dir='ltr'>Iubmus.</span> 
     </span>
    </p>
   </div>
   <div class='ocr_carea' id='block_1_8' title="bbox 0 0 1454 5054">
    <p class='ocr_par' dir='ltr' id='par_1_8' title="bbox 0 0 1454 5054">
     <span class='ocr_line' id='line_1_41' title="bbox 0 0 1454 5054; baseline 0 5"><span class='ocrx_word' id='word_1_375' title='bbox 0 0 1454 5054; x_wconf 95' lang='lat' dir='ltr'> </span> 
     </span>
    </p>
   </div>
  </div>
 </body>
</html>
