2900 5054
794 337 835 403 to

249 517 321 580 Len.
349 507 490 592 ἀμνάδα,
520 511 597 592 apud
627 510 802 590 prophetam
831 505 935 592 ἀμνόν.
985 507 1076 572 Notas
1106 511 1224 574 mntem
1251 518 1283 572 ut
1308 511 1378 572 Lev.

138 625 153 652 ⁸
249 616 282 688 V,
306 615 326 676 li
348 625 420 678 huet
440 614 564 674 effamur
586 618 655 676 aihta
677 608 726 685 br,
746 613 787 674 ita
808 619 967 691 utrumque
989 611 1065 690 apud
1089 612 1146 675 lea.
1169 633 1197 674 v.
1222 611 1261 673 tu
1277 621 1308 673 et
1331 611 1378 674 12.

248 722 397 794 Quantum
420 735 491 778 vero
519 717 598 780 inest
619 718 684 778 loco
708 715 841 788 laciano,
871 722 984 776 tantum
1007 714 1120 776 dixisse
1142 715 1311 777 censendus
1335 723 1380 775 est

248 822 386 902 baptista.
415 855 455 864 -
506 819 570 882 hlia
601 819 716 880 ratione
744 817 881 880 Christus
903 823 1099 894 eomparatur
1129 833 1205 894 agno
1234 813 1380 894 paschali.

250 922 335 999 Quod
359 921 546 1002 apertissime
568 921 700 981 occurrit
715 919 802 1000 'apud
826 917 948 980 Paulum
975 916 990 978 l
1014 918 1066 980 Co.
1090 918 1129 992 V,
1155 917 1193 978 7:
1220 914 1257 981 σὸ
1275 913 1382 1000 πάσχα

248 1021 335 1105 ἡμῶν
364 1021 439 1100 ὑπὲρ
467 1019 551 1104 ἡμῶν
575 1015 675 1103 ἐτύθη
698 1015 842 1102 Χριστός.
887 1019 924 1080 Et
945 1020 986 1091 X,
1019 1017 1058 1080 lu
1089 1015 1124 1082 τὸ
1151 1009 1298 1100 ποσνῖρσον
1327 1020 1384 1100 τῆς

210 1137 212 1140 ·
247 1119 385 1202 εὐλογίας
412 1121 537 1200 petitum
561 1141 596 1182 ex
618 1122 749 1182 nornine·
766 1123 898 1200 paschali
922 1133 1039 1185 hohan
1062 1134 1128 1183 oto.
1173 1121 1215 1182 Ao
1240 1120 1277 1181 de
1299 1137 1379 1196 agno

179 1281 181 1284 .
247 1224 379 1302 paschali
408 1223 545 1302 cogitavit
577 1223 644 1285 sine
676 1223 766 1284 dubio
796 1225 925 1284 Joannes
957 1222 1015 1284 iam
1047 1222 1077 1282 in
1108 1219 1274 1300 apocalypsi
1309 1237 1379 1280 cum

249 1323 399 1386 Christum
427 1343 534 1404 agnum
563 1333 721 1386 mactatum
751 1325 928 1404 appellarem
958 1343 1024 1386 nam
1051 1343 1133 1397 cum,
1159 1323 1245 1404 ¹quod
1275 1329 1380 1401 postea

248 1426 428 1499 ridebimus,
451 1427 631 1488 ludaeorum
656 1445 691 1486 ex
706 1426 837 1506 Aegypto
856 1425 965 1488 exitum
987 1424 1212 1486 accuratissime
1235 1422 1266 1483 in
1289 1441 1379 1484 usum

250 1545 335 1590 suum
359 1535 462 1600 recht,
485 1527 667 1606 persuadere
689 1527 777 1588 nobis
799 1529 920 1588 omnino
941 1545 1001 1588 non
1023 1545 1193 1606 possumus,
1218 1543 1287 1586 aum
1310 1523 1380 1603 agni

250 1630 300 1710 qui
338 1629 384 1690 vel
420 1629 547 1692 maxime
585 1629 621 1690 ad
658 1649 721 1690 rem
758 1629 926 1709 pertinebat
958 1649 1085 1710 prorsus
1119 1630 1243 1691 oblitum
1276 1629 1381 1691 luisse.

249 1732 389 1793 Fortasse
417 1751 488 1793 vero
519 1733 606 1794 etiam
636 1732 767 1813 respexit
789 1735 826 1795 ad
850 1735 945 1795 solum
976 1734 1059 1796 illum
1089 1735 1186 1796 locum
1216 1753 1275 1815 quo
1302 1735 1381 1812 apud

248 1827 282 1899 0'
306 1832 455 1911 reperitur
475 1829 580 1912 cipitur
602 1831 690 1916 (nam
718 1833 777 1896 loci
806 1834 858 1895 uhi
886 1831 975 1915 ἀρνία
1001 1831 1162 1918 προβάτων
1183 1869 1225 1880 -
1247 1853 1302 1914 pro
1335 1847 1382 1896 rt:

251 1945 312 2018 tritt
333 1952 369 2018 ψ.
394 1933 480 2007 CXll,
504 1933 535 1994 4.
560 1935 589 1995 6.
614 1953 668 2014 pro
692 1947 753 2018 preat
769 1947 863 2000 *horit
884 1937 943 1999 Jer.
965 1937 999 2009 L,
1023 1934 1074 1998 45.
1097 1937 1135 1997 el.
1158 1937 1212 2015 hq.
1236 1935 1293 1996 lsa.
1320 1935 1381 2010 XL,

252 2035 290 2098 ll
313 2055 368 2116 pro
392 2033 493 2100 hthbtt
516 2069 555 2082 -·
578 2047 713 2112 vertunt,
743 2041 774 2100 in
804 2057 926 2101 censum
949 2039 1052 2100 venire
1074 2057 1134 2100 non
1158 2058 1248 2118 posse
1271 2036 1383 2120 patet).

249 2135 305 2200 Est
325 2156 395 2198 vero
418 2157 524 2200 versus
548 2138 598 2200 ille
621 2159 679 2220 quo
700 2141 845 2202 Jeremias
865 2141 915 2214 Xl,
941 2140 980 2202 19
1000 2142 1056 2203 ait:
1076 2138 1136 2220 ἐγὼ
1157 2139 1191 2206 δὲ
1213 2139 1253 2219 ὥς
1276 2141 1384 2224 ἀρνίον

250 2237 369 2307 ἄκακον
394 2236 544 2322 ἀγόμενον
573 2245 629 2308 τοῦ
649 2235 788 2308 hoscum
811 2241 933 2323 (hinni
960 2241 1029 2309 bnt*
1061 2241 1137 2333 prin
1160 2257 1251 2308 uim
1284 2247 1385 2326 iant).

251 2343 296 2406 Ibi
326 2345 434 2423 legitur
463 2341 710 2408 adversarios'in
738 2366 805 2409 eum
835 2349 959 2412 consilia
993 2349 1186 2428 concepisse:
1228 2353 1385 2409 eradamus

252 2469 314 2510 cum
343 2454 378 2510 de
407 2461 485 2510 terro
512 2455 669 2512 viventium
698 2463 724 2511 et
753 2471 854 2512 nomen
882 2457 943 2513 eius
973 2473 1030 2511 noa
1057 2461 1227 2510 metueretur
1249 2454 1385 2526 amplius.

251 2549 321 2630 lpse
342 2570 433 2630 porro
455 2553 498 2628 (v.
520 2549 599 2634 2OJ:
627 2558 756 2612 domiuus
778 2574 846 2613 cero
867 2558 1039 2614 enervitatem
1058 2553 1099 2614 ait
1121 2564 1163 2612 ert
1184 2557 1271 2612 iudeo
1288 2557 1385 2612 iustus

249 2657 376 2728 protunc
398 2673 481 2711 renea
503 2663 529 2712 et
555 2675 620 2722 cor,·
649 2659 750 2714 uidebo
769 2657 906 2715 ultionem
928 2666 1004 2714 tuum
1026 2675 1062 2714 ea
1081 2659 1120 2714 iic
1141 2674 1208 2714 nom
1230 2659 1283 2714 tihi
1304 2675 1384 2716 reoc-
1426 2669 1427 2744 ρ

253 2757 314 2816 luci
336 2759 414 2814 litem
432 2775 531 2814 meum.
575 2755 661 2816 Hunc
688 2755 785 2816 locum
809 2755 905 2835 typice
927 2757 1056 2817 loannes
1078 2755 1289 2835 interpretatus
1316 2775 1385 2817 esse
1426 2759 1427 2762 ’

252 2859 385 2920 uideatur
409 2859 446 2920 de
468 2857 577 2920 Messio
608 2877 695 2940 quem
722 2877 792 2920 vem
820 2860 878 2920 iam
906 2877 965 2920 non
995 2858 1180 2920 mactandum
1210 2849 1385 2938 (pirinaeos
1426 2923 1427 2948 ρ

253 2965 309 3024 τοῦ
329 2957 498 3043 θύεσθαι)
526 2963 578 3024 sed
608 2971 766 3024 mactatum
797 2962 862 3023 iure
889 2979 943 3022 suo
965 2959 1138 3040 appellavit:
1170 2959 1250 3020 urrtle
1275 2956 1385 3040 ἀρνίον

254 3061 295 3134 oie
311 3063 502 3142 ἐσφαγμένον
523 3064 553 3124 h.
569 3081 594 3124 e.
616 3065 695 3144 quod
714 3065 754 3124 ita
772 3063 966 3124 constitutum
990 3071 1053 3124 erat
1074 3072 1106 3124 ut
1127 3072 1283 3126 mactatum
1306 3063 1385 3124 solet

254 3181 330 3228 esse.
375 3163 418 3234 hd
441 3162 481 3236 ἀς
503 3165 540 3224 cl.
562 3165 607 3224 Jo.
631 3164 659 3236 l,
687 3163 735 3224 lt.
759 3164 822 3237 (Mt.
848 3165 913 3238 Vll,
937 3163 989 3228 29.
1011 3164 1031 3226 2
1055 3168 1106 3229 Cu.
1130 3165 1174 3237 ll,
1201 3163 1266 3240 17).
1314 3176 1384 3227 truta

254 3286 325 3328 vero
346 3285 402 3346 per
423 3259 565 3345 σφάστσιν
583 3269 672 3330 vertit
693 3277 726 3330 ut
747 3270 844 3331 sexies
864 3269 942 3348 apud
962 3263 995 3333 0(
1017 3271 1125 3331 laetum
1147 3285 1213 3356 esse
1233 3267 1384 3338 ridemus,

255 3387 321 3431 cum
351 3369 400 3430 his
430 3377 541 3430 tantum
577 3389 631 3450 per
661 3366 749 3436 θάειν
777 3371 985 3434 transtulerint
1012 3371 1127 3441 (semel
1155 3362 1384 3450 perpepetue),

254 3472 325 3562 ιάῥτνί
349 3470 397 3533 bis
419 3467 538 3555 σφαγή,
565 3487 636 3564 ttzptp
665 3475 759 3538 octies
788 3470 906 3558 σφαγή,
934 3473 981 3534 his
1010 3468 1161 3555 σφάγιον,
1192 3469 1238 3530 bis
1268 3477 1385 3530 tantum

253 3571 358 3656 θύμος
389 3586 486 3666 πῆξιν,
511 3576 559 3638 his
581 3573 703 3660 cocyti,
727 3575 821 3636 semel
840 3571 938 3653 θύμα.
963 3608 1004 3618 -
1047 3571 1196 3634 Christum
1220 3585 1288 3628 vero
1313 3587 1386 3628 esse

254 3697 361 3759 agnum
385 3679 555 3759 paschalem
577 3679 703 3760 baptista
726 3689 797 3740 tunc
817 3677 962 3758 temporis
985 3675 1105 3745 saltem,
1130 3691 1198 3736 curn
1220 3669 1309 3730 verbu
1334 3669 1386 3730 illa

255 3788 418 3868 proferret,
448 3785 580 3848 noudum
611 3789 803 3865 cognoverat,
832 3801 900 3843 nam
924 3780 949 3842 si
981 3777 1170 3857 cognovisset
1199 3775 1264 3835 sine
1290 3771 1386 3832 dubio

255 3889 368 3952 maiore
390 3889 447 3950 hoc
467 3889 598 3963 nomine,
622 3906 680 3970 quo
694 3887 866 3949 Judaismus
889 3884 1058 3963 abrogatur,
1083 3899 1151 3942 eum
1174 3875 1384 3939 collaudasset.

255 3993 328 4055 Post
354 4000 478 4054 aetatem
507 3992 697 4069 apostolicam
727 4009 793 4052 cum
825 3987 990 4050 accuratior
1012 3984 1142 4066 cognitio
1171 3982 1305 4045 codicum
1335 4000 1387 4042 sa-

257 4111 375 4155 crorum
399 4091 520 4152 deesset
542 4091 695 4151 contusam
722 4081 1225 4151 invenimus'dillercntiamillam.
1269 4081 1310 4142 lta
1330 4083 1386 4144 Ju-

256 4193 361 4256 stinue
376 4192 445 4255 dial.
465 4210 490 4253 c.
514 4189 569 4251 iit:
591 4177 629 4274 ἦν
646 4186 705 4270 γάρ
727 4186 764 4254 τὸ
783 4185 884 4274 πάσχα
907 4184 1076 4270 ὃΧριοσός
1094 4183 1113 4250 ὅ
1132 4185 1240 4256 συθεὶς
1254 4173 1387 4262 ὕστερον

258 4293 298 4370 ἀς
318 4290 448 4368 Ἠσαίας
464 4291 536 4375 ἔφη·
554 4289 644 4364 οὗτὸς
664 4289 705 4366 ὥς
722 4288 884 4373 πρόβατον
903 4288 954 4354 ἐπὶ
973 4285 1092 4370 σφαγὴν
1110 4281 1197 4370 ἤχθη
1219 4315 1264 4328 -
1285 4283 1387 4362 siqui·
1426 4285 1427 4298 ¹

256 4395 326 4470 dam
348 4393 449 4457 dicere
468 4393 562 4464 voluit
587 4394 758 4476 prophetam
788 4391 872 4454 illum
894 4390 953 4454 iarn
975 4387 1126 4452 Christum
1148 4391 1181 4446 ut
1201 4381 1388 4446 sacrificium
