2900 5054
612 369 656 439 29

71 533 222 628 ἐπιστήμη
240 539 404 626 dramatis
425 545 616 608 intercades
636 551 710 617 cet,
734 542 799 622 pari
820 544 936 606 ratione
957 552 1025 606 ante
1046 540 1203 624 περινοεῖν

69 649 219 730 περιέχειν
239 644 319 728 (quo
341 647 483 710 vocabulo
506 648 628 727 proprie
643 667 677 709 ac
698 649 875 728 saepissIme
896 648 944 712 dei
968 649 1140 712 relationem
1163 649 1201 711 ad

70 746 213 808 muudum
237 744 330 828 dIcit)
360 749 435 810 nihil
460 749 538 811 alind
569 749 731 828 scripsisse
763 750 933 812 censendus
958 761 1004 814 est
1029 771 1116 834 quam
1145 775 1200 816 πε-

69 841 168 937 ριοχή.
212 849 307 913 Porro
330 861 479 915 enotatum
501 852 632 914 nondum
655 854 742 915 rideo
764 869 850 915 usum
872 853 956 916 verbi
978 860 1129 940 περιέχειν
1149 853 1199 934 qui

69 952 99 1012 in
124 953 376 1018 Clementinarum
407 957 595 1018 homiliarum
626 961 782 1036 (tempore
809 958 968 1038 Hegesippi
1000 959 1198 1036 scriptarum)

67 1055 173 1117 ultima
196 1066 278 1136 parte
301 1068 369 1120 ante
392 1059 505 1140 aliquot
526 1079 645 1123 menses
663 1079 679 1123 n
698 1062 837 1124 ltresselo
860 1062 939 1124 edila
961 1063 1101 1125 occurrit.
1122 1063 1199 1137 XIX,

70 1155 128 1218 18:
160 1157 210 1222 aui
229 1149 288 1225 ὅσα
309 1163 437 1226 τοιαῦτα
457 1156 598 1248 τυγχάνει
617 1165 729 1227 τοῦτον
747 1167 874 1250 περιέχει
896 1161 948 1230 τὸν
969 1161 1093 1246 τρόπον.
1119 1172 1148 1226 et
1170 1183 1197 1226 ο.
1295 1208 1309 1227 s

66 1256 127 1318 23:
158 1257 209 1323 sol
229 1255 268 1323 cd
294 1261 361 1346 ἑξῆς
381 1265 491 1328 τοῦτον
514 1267 642 1350 περιέχει
665 1263 719 1329 τὸν
739 1262 843 1344 λόγον.
866 1285 933 1330 cum
955 1268 995 1332 ite
1019 1267 1083 1329 lere
1108 1287 1199 1348 cxpe-

67 1367 151 1422 ctes:
187 1355 221 1424 sd
248 1360 315 1442 περὶ
343 1359 382 1427 τὰ
409 1363 477 1447 ἑξῆς
505 1369 615 1431 τοῦτον
637 1370 696 1452 ἔχει
725 1365 780 1432 τὸν
808 1365 912 1449 λόγον.
958 1371 1088 1432 Antehac
1119 1373 1199 1433 enim

65 1460 160 1524 dictio
184 1461 233 1524 illa
254 1461 290 1522 de
311 1463 383 1526 solis
405 1464 541 1543 epistulis
560 1476 699 1546 usurpata
723 1489 791 1532 esse
809 1470 872 1532 visa
891 1481 946 1534 est.
993 1470 1117 1534 lllacc.
1138 1473 1198 1548 XV,

64 1558 100 1622 2:
128 1562 174 1639 [αῖ
194 1562 364 1641 ἐπιστολαὶ]
387 1554 466 1650 ἦσαν
486 1571 678 1652 περιέχουσαι
701 1566 757 1635 τὸν
778 1563 890 1652 τρόπον
912 1574 1039 1646 τοῦτον.Ι
1066 1572 1086 1634 2
1107 1575 1197 1640 Μοοο.

64 1663 121 1739 XI,
153 1661 209 1726 ld:
245 1652 324 1750 ἦσαν
355 1670 389 1730 οῖ
416 1669 575 1734 ἐπιστολαὶ
607 1676 801 1756 περιέχουσαι
836 1671 891 1739 τόν
926 1666 1044 1757 τρόπον
1077 1683 1197 1746 τοῦτον.

64 1769 142 1832 Item
164 1767 185 1829 2
207 1767 297 1834 llaec.
320 1772 376 1845 IX,
411 1769 468 1834 18:
497 1769 661 1859 ἐπιστολὴν
680 1777 882 1861 περιέχουσαν
901 1771 1003 1856 οὕτως.
1048 1781 1105 1858 ΧΙ,
1135 1781 1195 1846 22:

62 1867 82 1956 ἦ
105 1868 255 1955 ἐπιστολὴ
278 1878 423 1957 περιεῖχεν
444 1866 546 1948 οὕτως.
591 1875 624 1937 lu
648 1895 678 1939 n.
703 1887 723 1939 t.
746 1879 885 1941 similiter
913 1891 968 1944 act.
991 1883 1104 1960 XXIII,
1135 1881 1195 1948 25:

62 1969 230 2059 ἐπιστολὴν
257 1977 455 2059 περιέχουσαν
484 1973 538 2040 τὸν
565 1969 663 2042 τύπον
690 1981 809 2044 τοῦτον.
860 1983 945 2061 Apud
977 1985 1138 2065 tosephmn
1161 1988 1196 2050 A.

62 2075 137 2151 XII,
167 2075 204 2150 l,
235 2073 272 2138 ll
299 2085 328 2138 et
348 2077 428 2151 xlv,
459 2077 515 2154 Ill,
549 2078 603 2140 11:
636 2077 655 2164 ἦ
684 2079 832 2167 totototo}
854 2083 962 2148 τοῦτον
990 2095 1118 2170 περιεῖχε
1141 2083 1198 2151 τὸν

62 2177 190 2260 τρόπον.
234 2179 314 2253 ΧΙΙΙ,
336 2179 366 2254 4,
387 2183 423 2240 9:
446 2178 612 2256 ἐπιστολὰς
633 2185 667 2245 αῖ
689 2191 839 2267 περιεῖχον
860 2178 1055 2277 stropium
1073 2189 1193 2252 τοῦτον.

62 2283 240 2364 (Diodorlus
263 2285 293 2345 in
315 2284 457 2363 Stephani
480 2284 618 2348 thesauro
642 2286 722 2347 solos
740 2286 862 2366 Josephi
887 2285 969 2350 locos
990 2288 1098 2366 alleri).
1133 2290 1194 2352 Iam

61 2406 137 2448 vero
168 2385 199 2446 in
226 2385 382 2448 sententiIs
416 2385 476 2447 illis
507 2403 579 2467 quas
611 2405 646 2448 cx
675 2386 807 2448 homiliis
839 2389 1034 2454 ClementinIs
1066 2393 1194 2472 excripsi

60 2508 123 2550 non
162 2488 199 2550 dc
232 2487 368 2568 epistulis
403 2489 456 2550 sed
490 2487 526 2549 de
558 2487 649 2550 rebus
692 2486 873 2568 quibuslibet
911 2509 1010 2552 sermo
1050 2491 1193 2555 iniicitur.

61 2593 147 2667 Quae
168 2609 234 2654 cum
258 2591 297 2652 ita
317 2592 378 2654 sint
399 2590 474 2652 nibil
496 2599 642 2670 repugnet
661 2589 820 2671 quominus
840 2589 910 2652 licet
933 2592 1077 2672 exemplis
1100 2591 1195 2656 dasti-

61 2693 119 2757 tuti
145 2691 323 2755 vocabulum
352 2695 490 2776 περιοχῆς
511 2694 548 2754 ad
579 2709 651 2772 opes
682 2711 801 2773 quoque
824 2693 963 2756 collectas
987 2703 1016 2756 el
1037 2713 1192 2758 coacerva·

60 2809 107 2862 tas
129 2795 355 2876 significandum
377 2793 539 2857 adhibitum
563 2795 657 2857 sulssc
678 2813 866 2858 censeamus.
911 2795 1086 2876 Respondet
1102 2796 1195 2876 igitur

61 2897 286 2965 accuratissime
323 2892 446 2981 cecrops}
480 2897 535 2960 τοῦ
568 2893 647 2959 λαοῦ
680 2897 731 2959 eol
766 2890 946 2979 δικαιοσύνη
980 2897 1083 2960 verbis
1113 2898 1191 2960 illis:

61 3017 171 3090 ripaei
202 3015 266 3086 prat·
301 3013 354 3084 prr
389 3017 481 3082 quare
514 2999 544 3060 iu
570 2995 694 3059 Eusebii
725 2996 860 3075 exemplo
892 3003 961 3074 post
988 2995 1130 3061 ἐκαλεῖτό
1155 3017 1193 3062 ex

59 3111 228 3171 litterarum
259 3105 457 3185 appelladone
485 3111 556 3164 tunc
582 3100 727 3181 temporis
757 3099 864 3162 usitata
894 3100 1098 3179 reponendum
1127 3109 1191 3164 est:

58 3233 104 3273 ων
141 3213 227 3272 οῖον
263 3200 432 3271 ουσαδοκα.
490 3203 581 3266 Recta
611 3221 682 3266 vero
718 3221 786 3266 cum
823 3203 901 3264 idem
939 3203 1081 3265 mendum
1113 3205 1191 3284 apud

58 3309 201 3372 Rufinum
237 3307 497 3388 Epiphaniumque
532 3305 788 3386 deprehendatur,
827 3306 1004 3386 scripturam
1043 3307 1191 3388 vulgatam

58 3430 122 3473 non
156 3409 192 3472 ab
224 3409 348 3471 Eusebii
385 3408 517 3472 librariis
549 3417 643 3470 ortam
678 3426 746 3470 esse
782 3409 919 3488 opinatur
952 3409 1102 3474 Strotbius
1137 3411 1191 3474 sed

58 3517 98 3579 ab
125 3515 303 3595 llegestpi,
341 3522 454 3576 temere
485 3522 585 3574 tamen
614 3507 713 3572 addit:
751 3511 825 3572 oder
852 3527 910 3572 von
940 3512 1055 3574 diesem
1085 3513 1190 3576 selbst.

58 3616 159 3692 Quem
180 3616 280 3695 potius
305 3616 415 3696 quippe
445 3633 481 3676 ex
509 3613 631 3676 Iudaeis
659 3611 860 3677 Christlanum
888 3613 998 3678 lactum
1028 3614 1137 3678 mellus
1159 3616 1190 3678 in

58 3721 161 3800 lingua
176 3719 322 3782 llebraica
342 3725 491 3782 versatum
513 3717 649 3780 videmus
667 3713 1004 3793 (senescebant,
1022 3713 1088 3796 22).
1115 3717 1192 3781 Cum

57 3843 132 3890 vero
148 3825 288 3887 mendum
306 3824 380 3886 illud
396 3831 496 3886 natum
511 3839 579 3885 csse
592 3821 732 3883 videatur
747 3829 815 3882 ante
830 3819 1004 3895 Eusebium,
1026 3821 1105 3882 baud
1120 3837 1191 3900 spe-

58 3945 129 3991 rare
144 3925 212 3988 licet
228 3941 291 3987 ram
308 3924 441 3987 decisum
457 3925 494 3986 iri
512 3941 546 3985 ex
564 3921 721 3986 collatione
737 3921 886 3983 versionis
903 3921 1034 4000 syriacae
1048 3920 1118 3983 libri
1133 3921 1191 3984 bu-

59 4033 108 4096 ius
124 4029 285 4094 Eusebiani
310 4043 384 4111 quae
404 4045 493 4090 manu
516 4026 626 4107 scripta
649 4027 679 4088 in
699 4043 803 4088 museo
816 4023 986 4088 Britannico
1010 4031 1187 4088 asservatur.

59 4131 190 4212 Scriptlo
210 4131 326 4211 volgata
357 4147 426 4193 vero
450 4130 496 4192 vel
527 4124 723 4208 imprudentia
752 4126 870 4190 scribae
897 4125 986 4188 unlus
1013 4125 1061 4187 vel
1090 4125 1192 4206 potios

60 4233 191 4314 plurium
219 4233 407 4294 librariorum
442 4232 506 4294 sive
534 4238 723 4309 exceptorum
754 4227 871 4291 iucuria
900 4235 929 4290 et
957 4227 1127 4306 ignorantia·
1149 4227 1190 4291 lta

62 4337 158 4400 extitit
178 4343 210 4398 ut
232 4337 263 4398 in
284 4334 429 4398 vocabulo
452 4328 614 4400 ουσοδιιιιο
641 4331 750 4412 aliquis
780 4330 839 4392 sibi
860 4328 1014 4391 videretur
1035 4329 1189 4392 invenisse

59 4455 171 4504 nomen
193 4435 321 4513 διιοιος.
365 4436 455 4518 (Cum
482 4434 514 4500 in
544 4434 610 4516 ipsa
636 4433 833 4516 explicatione
857 4431 967 4496 iterum
993 4439 1120 4513 ponatur
1141 4426 1189 4494 do·
