2900 5054
824 303 846 370 2

270 474 409 558 ludgero.
431 475 470 538 cl.
492 489 615 552 recogn.
636 471 668 545 Ι,
691 469 744 535 2Ι.
761 473 811 536 33.
834 473 913 538 hom.
937 473 994 550 ΙΙΙ,
1019 474 1057 538 ΙΙ
1070 474 1170 539 -Ιὸ,
1215 479 1308 542 Porro
1326 477 1404 560 inp-

271 577 388 658 polytus
411 575 441 637 in
464 567 654 636 confessione
677 573 745 635 fidei
769 573 825 636 suh
846 575 904 638 line
925 575 1082 655 labyrinthi
1101 579 1234 658 exposita
1255 581 1327 656 (ΙΙΙ,
1346 581 1402 642 33.

270 677 368 740 Miller
389 695 418 756 p.
438 675 513 754 3³7)
544 675 581 738 de
604 675 757 756 prophetis
780 678 836 738 ait:
869 675 907 744 εᾶ
934 682 1141 763 παρῳχημένα
1164 680 1298 762 λέγοντες
1326 683 1404 748 rine-

271 786 440 865 μίμνησκον
462 776 516 862 τὴν
532 773 768 860 ἇνθροεπόεηιο·
792 778 830 844 τὰ
856 777 891 845 δὲ
919 783 1069 846 ἐνεστῶτα
1092 779 1258 859 δεικνύντες
1280 781 1322 869 μὴ
1346 786 1404 866 ῥα-

271 882 546 960 depressissem·
570 877 607 943 sd
630 877 664 944 de*
685 878 836 958 μέλλοντα
854 879 1054 960 προλέγοντες
1076 883 1139 948 κτλ.
1184 887 1279 966 Atque
1300 897 1404 950 estant

271 982 474 1061 chrysostomi
505 979 593 1042 rerba
622 981 762 1060 (synope.
794 1002 818 1044 s.
846 1001 904 1043 scr.
935 983 1139 1062 prooemii.
1169 1005 1198 1064 p.
1228 984 1327 1062 etei:
1362 985 1403 1052 oi

269 1084 369 1172 μόνον
388 1082 421 1150 ΙΙ
444 1077 481 1149 rii
505 1081 654 1162 μέλλοντα
677 1086 866 1164 προρηεείος
885 1083 966 1148 ε’σεὶν
986 1087 1083 1150 εἰπεῖν
1105 1083 1185 1154 dttd
1203 1086 1254 1154 nol
1274 1085 1313 1154 roi
1327 1101 1405 1152 ’πα-

269 1180 442 1270 peldinc.
465 1187 530 1248 ε”οτε
558 1181 593 1247 δὲ
617 1183 669 1248 troi
698 1179 736 1248 τὰ
763 1178 903 1264 πορόντα
932 1193 1116 1269 προφητείας
1143 1191 1239 1256 εἰπεῖν
1272 1182 1346 1258 lirae
1367 1215 1405 1254 τε

268 1290 393 1370 γένηται
413 1285 469 1366 μέν
491 1280 661 1367 opinemur
685 1280 729 1348 δέ.
774 1283 910 1363 Denique
931 1295 1052 1348 auctore
1076 1290 1240 1366 Augustino
1263 1287 1320 1372 (de
1342 1292 1403 1354 civ.

176 1415 179 1420 ·
270 1387 318 1448 dei
339 1387 396 1460 lli,
419 1382 455 1465 4)
477 1386 642 1462 Gregorius
662 1383 700 1446 hl.
722 1385 838 1446 consuit
859 1385 902 1463 (iu
922 1387 1029 1450 Erech.
1052 1388 1072 1450 l.
1090 1389 1113 1450 l.
1131 1390 1211 1452 hom.
1232 1391 1261 1456 l.
1283 1413 1332 1473 op.
1352 1396 1405 1456 ed.

269 1489 382 1550 lleued.
404 1487 452 1548 ΙΙ.
481 1505 510 1566 p.
536 1484 622 1562 126.)
651 1485 728 1548 hene
757 1485 856 1552 vocari
888 1489 1074 1567 Prophetiam
1106 1509 1164 1552 iton
1195 1494 1291 1556 solum
1322 1513 1404 1576 quae

269 1591 421 1671 praedicat
443 1599 563 1650 ventura
585 1589 637 1650 sed
661 1588 749 1650 etiam
768 1606 843 1670 quae
865 1589 972 1669 prodat
989 1589 1103 1668 occulta
1119 1591 1165 1652 rel
1187 1592 1224 1654 de
1246 1593 1298 1656 illo
1321 1603 1404 1656 tern—

268 1709 342 1770 pore
370 1709 429 1770 quo
458 1691 546 1752 homo
576 1690 708 1752 nondum
730 1685 867 1772 luerit*).
911 1691 1094 1770 lure,igitur
1120 1694 1246 1758 dicimus
1267 1698 1403 1776 prophe-

268 1801 314 1854 tas
337 1802 469 1854 exemtus
492 1790 572 1852 curis
594 1791 761 1852 animorum
784 1793 820 1853 ad
844 1803 955 1856 terram
977 1813 1140 1873 pronorom
1162 1799 1298 1878 aspicere
1313 1810 1403 1880 terga

269 1895 317 1957 dei
348 1895 453 1974 (Exod.
475 1893 607 1956 XXXlll.
632 1894 662 1954 iu
684 1892 756 1969 line)
785 1913 860 1975 quae
890 1905 960 1958 sunt
990 1906 1021 1957 ut
1042 1896 1239 1960 hiaimonidcs
1269 1902 1404 1980 explicat

268 1995 368 2080 (nnita
385 2009 476 2062 irrrtrr
499 1997 530 2070 1,
554 1994 605 2057 38.
624 2003 653 2056 ει
672 1995 755 2058 lloct.
776 1996 909 2075 perplex.
933 1998 961 2067 l,
984 1993 1041 2078 21)
1056 1991 1130 2060 'eius
1153 1999 1216 2062 riae
1238 2001 1349 2081 quihus
1368 2003 1405 2064 in

269 2101 464 2181 gubernando
486 2100 598 2162 mundo
620 2097 804 2176 ingreditur,
827 2108 916 2178 atque
939 2099 977 2160 ita
999 2100 1173 2179 perspicere
1196 2103 1293 2164 littura
1308 2120 1405 2180 prae-

269 2205 363 2266 sentia
385 2203 554 2283 praeterita.
599 2201 682 2262 Sicut
703 2201 794 2279 igitur
812 2201 960 2263 Diodorus
984 2201 1103 2264 Siculus
1125 2202 1169 2284 [1,
1184 2200 1221 2284 2)
1242 2203 1404 2266 historiam

267 2307 381 2370 vocarit
403 2303 457 2388 cip
485 2305 637 2388 προφῆιεν
658 2307 714 2384 τῆς
735 2299 886 2386 ἀληθείας
916 2322 1008 2383 quare
1038 2325 1133 2366 remor
1165 2311 1289 2382 scriptor
1315 2318 1406 2366 votes

176 2446 181 2470 .
267 2419 466 2468 retroversus
489 2439 529 2448 -—
554 2414 583 2466 et
606 2406 740 2484 prolecto
763 2423 821 2466 non
844 2413 890 2466 est
911 2425 1011 2468 rernm
1034 2415 1187 2485 gestorum
1206 2407 1403 2488 philosophia

267 2513 334 2580 sine
357 2510 513 2592 prophetia·
535 2543 576 2555 -
599 2509 638 2570 ita
661 2509 724 2570 iure
747 2518 850 2570 nostro
872 2519 969 2572 vatem
986 2509 1114 2572 dicimus
1129 2509 1303 2572 historicum
1326 2529 1404 2590 pro-

267 2613 464 2676 batissimum.
508 2611 545 2671 lit
573 2609 641 2690 quis
671 2619 717 2670 est
747 2611 818 2690 quin
848 2613 994 2672 concedat
1023 2621 1106 2674 vates
1136 2613 1238 2692 populi
1267 2611 1402 2676 Hebraei

267 2716 400 2780 omnium
420 2715 533 2794 primos
554 2713 648 2775 luisse
672 2713 722 2793 qui
747 2727 802 2776 res
828 2724 963 2793 gestusa
985 2714 1093 2775 divinis
1115 2715 1280 2776 rationibus
1306 2733 1403 2794 repe·

266 2825 364 2880 terent
384 2824 472 2895 atque
493 2834 543 2876 eas
566 2823 704 2895 tanquam
727 2815 841 2877 tahulas
866 2817 961 2896 pictas
983 2815 1162 2878 collocarent
1183 2815 1214 2878 in
1240 2816 1319 2878 hono
1351 2817 1402 2878 lu-

266 2922 346 2986 mine
369 2929 511 3001 quaeest
535 2919 677 3000 sapientia
701 2919 824 3001 deique
848 2919 989 2980 mundum
1012 2918 1185 2980 universum
1208 2918 1286 2998 regit
1307 2927 1340 2980 et
1362 2938 1402 2982 eo

267 3043 326 3104 quo
348 3023 411 3086 vult
436 3021 583 3102 perducit.
628 3025 726 3097 Quare
750 3019 957 3082 sanctissimos
980 3018 1049 3080 illos
1071 3019 1152 3082 viros
1173 3021 1289 3098 primos
1312 3019 1403 3082 dixe-

267 3129 310 3186 ris
333 3134 363 3185 et
385 3123 527 3184 maximos
553 3122 646 3182 luisse
670 3120 813 3182 historiae
842 3118 1037 3198 philosophos
1070 3120 1121 3201 qui
1144 3139 1180 3182 ex
1202 3122 1342 3184 omnihus
1366 3123 1401 3184 in

266 3241 299 3284 re
321 3223 439 3302 puhlica
464 3240 582 3303 quoque
601 3219 736 3282 viderent
758 3220 930 3300 plurimum.
978 3221 1020 3283 lta
1042 3231 1072 3282 et
1092 3223 1157 3302 ipse
1173 3223 1301 3286 loannes
1326 3243 1400 3288 oum

267 3324 340 3387 caeli
365 3323 393 3385 ei
408 3324 503 3404 aperti
526 3330 625 3386 essent
648 3321 721 3384 vidit
743 3340 818 3402 quae
847 3322 991 3384 deberent
1018 3323 1154 3400 fieri:**)
1184 3325 1400 3388 necessitatem

368 3527 393 3594 ‘)
418 3529 484 3592 lpud
502 3527 615 3578 iudaeum
637 3529 760 3581 Philonem
787 3531 867 3590 (cuins
891 3539 945 3581 utor
969 3539 1030 3582 textu
1050 3530 1235 3593 Tauchuitiano,
1263 3531 1311 3582 cito
1340 3549 1398 3586 uero

264 3613 362 3676 paginas
380 3612 533 3674 idangeganas
561 3613 594 3661 ihi
621 3626 715 3673 quoque
731 3612 867 3677 oppositas)
885 3613 922 3674 ΙΙ,
942 3617 992 3666 lto
1018 3611 1160 3681 προφήτης
1178 3621 1273 3664 vocator
1291 3611 1397 3680 εἰληθε-

262 3693 362 3765 μάνεες
379 3694 424 3744 καὶ
444 3689 648 3762 θεοφρεέδμων,
667 3703 716 3745 tum
738 3694 922 3764 προορανεεὸς
942 3699 998 3750 ιιῦν
1017 3696 1137 3762 ddp'lorr.

366 3777 405 3845 ⁰)
426 3779 462 3841 ΙΙ,
481 3782 506 3832 1.
524 3780 596 3830 Solus
614 3780 778 3832 lachmaonus
796 3782 854 3832 vidit
871 3791 927 3848 post
944 3785 1014 3834 rerhr
1038 3782 1119 3842 δείξω
1137 3800 1181 3836 σοι
1207 3777 1227 3835 il
1251 3783 1296 3836 dei
1318 3789 1398 3852 γενέ-

264 3869 331 3918 σθαι
344 3865 554 3929 interpungendum
570 3880 624 3916 esse
642 3873 666 3916 ut
677 3861 746 3934 perti
759 3868 844 3918 ταῦτα
861 3868 891 3918 nd
904 3883 931 3918 er
945 3869 1042 3919 attineat
1054 3883 1113 3932 quse
1128 3876 1271 3934 sequuntur:
1291 3865 1399 3928 eddim,-

263 3944 401 4015 ἐγενόμην
419 3946 449 4002 ἰν
467 3945 612 4018 πνεύματι.
649 3950 736 4002 Notum
754 3959 790 4002 est
804 3953 946 4017 saepissime
958 3954 1074 4004 lormulas
1092 3950 1161 4022 μετὰ
1179 3955 1263 4006 ταῦτα
1281 3964 1306 4008 ει
1322 3954 1396 4024 μετὰ

262 4032 343 4081 τοῦτο
362 4033 386 4082 1ο
404 4031 524 4094 evaugelio
543 4033 642 4084 loannis
660 4035 782 4088 exordium
800 4051 855 4090 osse
873 4039 1043 4090 sententiarum
1063 4036 1396 4104 mildeltunensis.

263 4115 306 4178 ΙΙ,
325 4120 349 4168 1.
370 4117 423 4180 ΙΙΙ,
442 4121 466 4180 1.
485 4119 548 4182 lilii,
568 4120 608 4171 38.
628 4120 692 4184 lllll,
712 4123 736 4174 l.
755 4123 786 4171 el.
804 4121 848 4185 ΙΙ,Ι
860 4126 894 4176 43
902 4140 910 4187 ;
928 4127 1049 4189 posterius
1067 4125 1105 4186 ΙΙ,
1117 4127 1159 4177 12.
1177 4125 1221 4186 xl,
1239 4123 1278 4191 l).
1312 4127 1352 4178 lte
1370 4130 1396 4178 in

263 4203 397 4267 opocalppsi
415 4201 484 4272 μεεά
502 4205 583 4258 τοῦτο
601 4205 655 4266 ΙΙΙ,
667 4209 692 4260 1.
709 4206 779 4276 μετὰ
797 4209 882 4262 τοῦτο
900 4220 992 4276 praeter
1006 4212 1042 4274 ΙΙ,
1062 4215 1086 4264 l.
1105 4211 1177 4264 etiem
1191 4211 1243 4274 ΙΙΙ,
1258 4215 1283 4264 o.
1302 4213 1352 4277 XV,
1369 4221 1395 4268 5.

263 4281 349 4346 ilillll,
369 4287 394 4338 l·
412 4285 476 4350 ltili,
496 4289 520 4338 1.
537 4287 624 4352 quihus
642 4289 728 4342 addere
747 4290 802 4344 licet
820 4293 874 4357 llll,
890 4297 915 4348 3.
951 4294 1038 4346 Contra
1056 4309 1084 4346 ea
1105 4296 1129 4346 iu
1153 4297 1200 4346 noe
1223 4309 1258 4348 er.
1277 4295 1346 4360 xttt,
1369 4303 1395 4354 t.

264 4381 331 4431 apoc.
350 4368 395 4432 lli,
410 4371 450 4423 12.
485 4371 515 4423 Et
532 4373 555 4436 Ι,
568 4375 600 4426 19
619 4375 659 4428 uhi
678 4377 785 4430 scrihere
802 4378 898 4434 iuhotur
913 4382 1042 4447 praeterite
1057 4384 1191 4448 praesentia
1207 4383 1298 4448 lutura3
1318 4400 1395 4449 quere
