2900 5054
822 344 865 411 14

274 511 366 576 Iudas
388 513 529 577 Aussaut'
560 513 619 589 Qui
641 514 813 578 rectissIme
836 531 981 578 summam
1013 515 1184 596 tetigerunt.
1229 495 1395 599 Quicquam
1428 577 1429 582 ,

273 615 365 678 Judae
388 615 508 678 Galilaei
531 615 656 690 seditio,
681 625 781 696 utpote
803 618 915 680 dudum
936 626 1004 683 autc
1023 626 1142 700 tempus
1165 621 1202 684 de
1226 639 1286 702 quc
1306 622 1396 700 agitur

273 716 365 790 laeta,
389 735 448 783 uou
471 719 618 782 alleronda
641 729 712 782 erat.
755 722 850 784 Judae
878 739 949 784 vero
978 723 1056 786 lilios
1086 725 1112 788 si
1144 726 1212 807 quis
1243 726 1395 808 usquead

274 818 389 882 Tiberii
412 819 568 894 Alexandri
592 831 724 902 tempora
755 823 951 886 delectionem
977 825 1156 888 sollicitasse
1184 837 1306 890 censeat
1340 845 1397 890 eun
1429 899 1430 904 γ

273 922 310 988 ab
340 923 391 986 illo
419 924 537 988 demum
565 935 759 1004 procuratore
797 937 892 992 morte
923 929 1025 992 alllicti
1053 931 1127 1005 sint,
1161 940 1259 996 tamen
1289 942 1397 996 eertum
1429 915 1430 922 ἵ

271 1031 496 1112 haudquaquam
527 1039 572 1092 est
601 1049 688 1110 quam
717 1031 756 1093 ch
788 1049 852 1094 rem
880 1033 992 1096 sinerint
1022 1034 1180 1096 interfecti.
1232 1035 1306 1096 Sunt
1333 1051 1396 1098 uero

270 1146 339 1216 post
375 1135 485 1198 Christi
519 1144 644 1198 mortem
687 1135 718 1196 in
753 1135 864 1196 Judaea
901 1135 1025 1198 dissidia
1074 1144 1140 1198 nata
1179 1137 1308 1216 palmum
1350 1135 1397 1198 suh

275 1239 387 1318 Cuspio
409 1238 489 1300 Fado
513 1255 610 1318 quem,
633 1247 737 1317 postea
761 1257 848 1319 quam
871 1239 1000 1318 Agrippa
1022 1257 1100 1302 anno
1123 1238 1166 1300 44
1187 1247 1324 1302 mortuns
1351 1245 1397 1306 est

272 1342 412 1409 Claudius
435 1342 544 1405 Caesar
566 1341 596 1403 in
611 1343 752 1405 Judaeum
777 1342 858 1406 misit
880 1353 1102 1422 procuratorem
1126 1345 1203 1418 (tos.
1220 1345 1254 1406 Α.
1270 1343 1342 1415 XX,
1361 1341 1397 1416 1).

271 1444 328 1519 Qui
353 1462 419 1506 eum
442 1443 596 1506 adveniret
617 1463 695 1506 anne
709 1443 750 1504 45
774 1445 936 1524 (Wieseler
952 1446 1092 1508 Chronol.
1110 1447 1163 1508 des
1182 1446 1306 1526 apostol.
1325 1445 1397 1508 Zeit-

270 1549 360 1610 alters
383 1567 412 1627 p.
439 1545 533 1626 tae),
565 1547 688 1608 offendit
718 1546 875 1608 dissidium
904 1547 983 1608 inter
1011 1547 1275 1626 Plriladelphenscs
1301 1556 1333 1608 et
1351 1547 1397 1608 Jn·
1431 1610 1432 1640 1

271 1653 360 1718 decos
383 1653 514 1716 Peraeae
537 1651 648 1714 incolas
671 1651 708 1711 de
730 1651 806 1712 llice
829 1650 886 1713 rici
908 1649 1018 1712 finibus
1045 1662 1143 1714 crtum
1167 1668 1254 1731 quem
1277 1649 1314 1712 ab
1339 1667 1396 1711 ren
1431 1641 1432 1714 l

270 1755 564 1835 Philadelphensium
584 1753 686 1816 multis
708 1754 818 1816 occisis
838 1764 898 1816 tres
920 1755 1068 1834 primores
1090 1755 1268 1817 ludaeorum
1291 1753 1397 1816 Perae·

274 1877 320 1920 am
344 1856 537 1920 incolentium
561 1854 795 1934 comprehensos
826 1856 985 1918 interiecit.
1029 1855 1090 1919 Nec
1113 1855 1244 1918 latrones
1265 1855 1395 1918 deerant

270 1959 372 2039 Pergit
393 1958 475 2020 enim
495 1958 644 2036 Iosephus
663 1953 748 2038 [edit.
774 1955 944 2040 lliudorl.]:
967 1954 1137 2040 ἀναιρεῖται
1166 1955 1200 2020 tt
1227 1956 1277 2022 aci
1302 1957 1397 2022 Θολο·

269 2070 360 2142 pnioe
391 2056 409 2124 ὁ
439 2051 622 2154 ἀρχιλῄστης
648 2049 711 2141 μετ’
739 2057 775 2123 cd
803 2057 901 2124 uelde
933 2057 1044 2144 χρόνον
1070 2058 1178 2144 ἀχθεὶς
1204 2057 1329 2138 δέσμιος
1355 2059 1398 2126 ἐπ’

272 2161 375 2241 cdoc'a,
398 2160 600 2236 διατεθεικὼς
620 2157 748 2244 μέγιστά
771 2159 852 2228 acad
873 2159 928 2244 τὴν
947 2158 1126 2242 'Idcupct'au
1145 2161 1198 2226 καὶ
1218 2155 1290 2237 τοὺς
1306 2157 1400 2242 '‘Apo·
1432 2233 1433 2274 1

269 2271 339 2352 βας.
388 2259 579 2347 Ἐκαθάρθη
608 2289 639 2328 aa
667 2265 837 2349 λῃστηρίων
871 2263 979 2328 eneae
1010 2267 1196 2330 rouursidec
1218 2262 1238 2348 ἦ
1262 2263 1400 2331 ’leviora
1432 2281 1433 2322 t

270 2361 411 2449 φροντίδι
432 2366 483 2432 aci
511 2369 638 2447 προνοίᾳ
660 2369 717 2430 τοῦ
745 2361 864 2432 Φάδου.
908 2367 1011 2430 Extitit
1034 2368 1122 2430 etiam
1147 2368 1288 2432 'Iheudas
1312 2370 1399 2432 euius

269 2468 398 2536 facinora
422 2467 577 2530 notissima
602 2469 643 2545 (c.
669 2464 714 2544 5).
737 2501 778 2514 -
823 2470 962 2544 eramvis
990 2487 1065 2532 vero·
1089 2477 1168 2532 terra
1191 2470 1327 2548 proxime
1348 2472 1400 2534 Iu-

271 2571 374 2634 daeam
397 2568 559 2649 significet,
581 2575 697 2644 tamen,
721 2590 789 2634 eum
812 2571 883 2634 inde
906 2573 942 2634 ad
966 2571 1095 2636 iudaeos
1117 2574 1324 2649 transferetur,
1349 2595 1399 2638 ecs

271 2675 362 2739 etiam
393 2671 600 2750 complectitur
637 2673 687 2752 qui
725 2691 783 2736 non
823 2674 855 2736 in
880 2675 944 2754 ipsa
981 2684 1059 2737 terra
1091 2686 1190 2740 sancta
1221 2678 1397 2742 habitarunt.

270 2774 398 2836 Omnino
411 2791 466 2852 per
483 2782 592 2834 terram
609 2773 780 2836 Iudaismus
804 2775 951 2838 indicatur
973 2793 1009 2838 ex
1031 2777 1168 2856 opposito
1184 2780 1276 2841 maris
1303 2784 1400 2859 genti-

275 2878 346 2940 lium
369 2883 400 2940 ut
421 2885 525 2956 postea
545 2877 668 2956 patebit.
714 2879 814 2952 Quare
836 2887 917 2948 recte
940 2877 1107 2941 Herderum
1134 2880 1306 2960 respexisse
1330 2895 1398 2944 ceu·

269 3001 322 3046 sec
358 2981 394 3044 ad
432 2999 550 3061 gravem
588 2981 667 3045 illam
703 2981 898 3044 calamitatem
936 2997 1010 3058 quae
1034 2979 1090 3042 sub
1114 2979 1183 3042 Caio
1214 2982 1324 3044 incidit
1348 2985 1399 3046 lu·

270 3086 353 3148 dacis
376 3084 615 3164 Mesopotamiam
638 3084 823 3160 maximeque
844 3079 1034 3158 Babyloniam
1054 3081 1254 3144 incolentibus
1271 3085 1350 3164 (Jos.
1367 3087 1398 3146 Α.

267 3189 378 3260 XVIII,
405 3188 457 3264 9),
487 3187 596 3265 quibus
618 3185 724 3246 addam
745 3183 852 3246 caedes
874 3184 1068 3248 Alexandriae
1089 3187 1179 3250 lactas
1202 3206 1277 3267 quas
1298 3201 1400 3252 narrat

268 3288 355 3353 Philo
374 3287 404 3350 in
433 3285 580 3364 legatione
607 3285 643 3348 ad
661 3283 775 3348 Caium.
821 3285 983 3364 Perperam
1014 3296 1111 3350 tamen
1133 3287 1347 3368 llarenbergus
1370 3313 1398 3371 p.

268 3389 331 3452 266
358 3388 469 3470 putarit
487 3387 595 3467 ipsum
623 3388 713 3450 huius
740 3387 928 3467 imperatoris
962 3388 1096 3452 animum
1125 3389 1231 3452 caedis
1256 3393 1399 3470 cupidum

268 3495 471 3574 tumultusque
501 3492 662 3572 significari
693 3492 744 3573 qui
773 3492 867 3556 exorti
900 3499 970 3554 sunt
998 3509 1064 3554 curn
1095 3500 1220 3554 statuam
1250 3511 1337 3556 suam
1370 3496 1399 3556 io

268 3601 378 3680 templo
405 3597 651 3662 Jemsalemitano
678 3595 819 3658 collocari
848 3594 995 3658 lussisset.
1025 3625 1067 3638 —-
1110 3592 1189 3654 llaec
1220 3603 1290 3654 sunt
1321 3615 1400 3675 quae

268 3700 420 3766 secundus
448 3715 541 3777 eques
566 3696 671 3760 attulit.
722 3693 794 3756 Nam
822 3713 897 3774 quae
926 3713 961 3756 ex
989 3701 1093 3772 postea
1122 3694 1209 3756 lectis
1231 3694 1400 3772 significata

269 3810 375 3870 sunta
399 3797 494 3863 tribus
517 3798 577 3862 illis
599 3797 829 3876 interpretibus,
853 3813 912 3858 ncn
932 3795 968 3856 ad
989 3794 1153 3858 seeundum
1170 3795 1300 3876 equitem
1327 3817 1400 3877 per·

269 3908 373 3972 tinent.
532 3963 535 3968 .

369 4007 429 4068 lam
458 4004 537 4067 enirn
567 4002 681 4064 exierat
710 4017 801 4082 eques
831 3999 946 4062 tertius.
990 3999 1242 4079 Ingravescehant
1271 4019 1400 4080 paenae,

265 4087 335 4172 nam
357 4109 499 4168 lectiores
517 4107 664 4180 interfecti
690 4107 790 4180 clodio
816 4121 900 4179 quem
928 4105 1075 4178 interfecti
1100 4106 1192 4179 fotae,
1219 4111 1272 4186 dc.
1293 4103 1345 4178 IV,
1370 4107 1401 4168 9.

265 4209 388 4278 Arctus:
417 4203 453 4272 cd
475 4200 530 4272 oda
557 4212 642 4272 citer
670 4202 937 4286 τιμιουλκεῐσθαι,
965 4203 1058 4284 λιμοῦ
1082 4200 1201 4286 deiypo.
1224 4205 1401 4272 alliacen.

265 4308 313 4384 lv,
338 4307 387 4371 16.
427 4308 514 4372 Hune
545 4306 673 4386 equitem
691 4314 822 4368 *auctore
851 4305 953 4368 Grotio
984 4305 1154 4368 Wetstenus
1183 4305 1401 4388 Harenbergus

265 4415 310 4494 (p.
333 4410 412 4488 266)
434 4408 586 4474 Herderus
608 4409 681 4472 adeo
704 4417 770 4488 apte
794 4409 831 4470 ad
854 4408 960 4472 tamem
975 4407 1037 4474 ¹auh
1057 4407 1182 4474 Claudio
1203 4407 1309 4472 lacum
1336 4420 1401 4474 ret-
