2900 5054
243 517 341 579 reque
364 503 521 563 rennerunt
541 513 662 576 quoquo
683 505 837 576 tenpore,
859 497 923 558 imo
944 513 1096 576 neemiam
1119 513 1176 562 ees,
1193 494 1300 559 aberro
1321 515 1379 558 no-

246 602 394 665 tissimum
417 609 479 672 esta
500 615 575 678 quos
598 615 687 676 porro
707 599 818 660 iterum
837 598 1007 678 iterumque
1025 597 1118 658 vincit
1135 594 1280 658 Christus.
1319 597 1380 658 lc·

243 701 377 764 mirellus
401 718 470 762 vero
493 699 688 778 inspiciamus
712 701 784 762 haec
803 700 955 764 vaticinia„
997 701 1072 761 Com
1090 697 1266 760 Jerusalemi
1288 695 1380 758 urbis

244 825 322 886 quae
338 804 467 866 Sodoma
485 813 607 866 vocatur
630 804 778 866 excidium
801 803 967 867 clarissime
990 821 1015 862 c.
1031 801 1071 862 Xl
1094 799 1256 871 immineat,
1276 797 1382 876 suspi-

247 907 374 967 candum
395 913 440 968 est
463 923 497 965 ea
519 923 596 984 quae
617 904 723 966 iudea
744 924 771 968 c.
793 903 830 966 lll
846 903 1105 984 *praegrediuntur
1124 901 1222 965 omnia
1243 901 1279 964 arl
1300 901 1383 962 hanc

245 1007 432 1070 eversionem
456 1005 691 1083 praeparandam
714 1006 790 1068 lieri.
836 1005 988 1068 'luliarum
1015 1004 1112 1075 erum,
1144 1017 1266 1083 querum
1293 1009 1383 1080 post-

244 1129 335 1190 quam
358 1109 460 1172 ultima
483 1109 593 1170 cecinit
614 1109 733 1183 moenia
754 1118 913 1180 corruunt,
944 1108 1041 1187 prima
1069 1107 1188 1168 auditur
1209 1111 1310 1184 aperto
1329 1105 1383 1166 ul·

245 1213 320 1272 timo
348 1209 466 1288 sigillo;
499 1210 669 1288 sigillorum
695 1220 793 1274 autem
815 1212 946 1290 primum
976 1211 1100 1274 solvitur
1129 1211 1251 1275 ineunte
1278 1209 1383 1288 capite

245 1322 346 1387 sexto;
377 1323 409 1374 ut
439 1313 508 1374 inde
537 1313 574 1374 ab
606 1313 663 1376 hoe
692 1333 789 1394 usque
819 1315 856 1375 ad
886 1314 1077 1376 undecimum
1099 1312 1199 1374 omniu
1228 1309 1384 1374 artissime

246 1426 312 1496 apta
342 1426 372 1477 et
400 1417 559 1480 coniuncta
589 1399 658 1480 esse
688 1417 854 1478 videantur.
910 1419 952 1478 Ac
982 1435 1087 1478 revera
1114 1415 1176 1477 veri
1206 1412 1304 1494 simile
1331 1422 1384 1474 est

247 1521 426 1598 scriptoram
458 1537 491 1580 ea
522 1539 598 1599 quae
633 1518 712 1580 bello
744 1527 878 1582 extremo
912 1537 970 1598 qun
1002 1519 1170 1597 respublica
1196 1515 1382 1580 ludaeorum

248 1623 364 1684 interiit
392 1623 566 1687 acciderunt
594 1629 645 1683 aut
666 1621 865 1701 praedicendo
892 1629 941 1683 aut
968 1621 1160 1700 respiciendo
1182 1619 1280 1699 aliquo
1304 1637 1382 1680 sane

247 1726 336 1787 modo
365 1725 395 1785 in
425 1743 512 1786 nsum
543 1743 631 1786 sorum
659 1724 797 1786 vertisse.
848 1724 942 1784 Porro
970 1723 1040 1784 tuba
1069 1722 1164 1800 prium
1193 1720 1383 1784 censendum

248 1834 294 1886 est
322 1825 480 1888 classicum
515 1825 550 1886 ad
585 1825 653 1918 loelli
684 1826 801 1888 initium
835 1825 920 1898 cani3
955 1827 1108 1904 quaeritur
1141 1841 1210 1884 vero
1238 1841 1298 1902 qno
1329 1823 1383 1884 die

246 1929 369 1990 omnino
392 1928 534 1990 iudicium
558 1929 687 1990 caeleste
711 1928 785 1989 illud
810 1925 1006 1990 exordiatur?
1050 1926 1136 2002 Quod
1162 1943 1310 2003 responsu
1332 1934 1385 1988 est

247 2029 427 2106 expeditum.
472 2029 604 2109 Namque
632 2029 669 2090 ab
698 2049 774 2108 agno
805 2030 861 2090 iam
887 2036 1010 2089 mactato
1040 2027 1139 2105 sigilla
1166 2027 1264 2104 rutupi
1294 2026 1385 2090 vitle-

247 2147 332 2206 tuusg
369 2141 442 2194 ante
463 2133 592 2196 Moesiae
620 2142 745 2195 mortem
775 2131 866 2210 igitur
896 2132 927 2192 in
959 2129 1137 2211 quaerendis
1166 2129 1254 2190 relius
1285 2129 1386 2204 gestis

246 2232 356 2313 quibus
385 2233 571 2313 respondent
601 2234 746 2314 imagines
773 2233 905 2296 indidem
936 2232 1103 2310 descriptae
1132 2238 1214 2292 certo
1240 2245 1300 2290 uon
1333 2247 1387 2288 re-

248 2334 442 2412 grediendum
471 2345 534 2410 est3
567 2357 659 2418 qnare
689 2338 718 2398 id
744 2355 840 2416 genus
862 2337 1073 2416 explicationes
1095 2333 1386 2413 praetermittemus.

247 2435 327 2510 Quid
351 2455 422 2498 vero
444 2442 538 2519 magis
562 2441 701 2502 idoneum
726 2458 794 2519 esse
817 2441 913 2520 potuit
934 2457 1020 2520 quam
1044 2437 1181 2500 evincere
1204 2444 1271 2515 post
1292 2436 1388 2497 Chri-

246 2547 325 2600 etum
348 2559 365 2601 a
385 2541 509 2602 ludaeis
528 2543 732 2620 Romanisque
758 2553 893 2604 necatum
916 2542 989 2602 nihil
1012 2559 1113 2602 morae
1136 2540 1230 2602 luisse
1253 2538 1283 2600 in
1310 2557 1386 2616 pac·

247 2645 295 2702 nis
324 2641 458 2702 divinis?
501 2642 663 2718 impietatis
693 2649 792 2704 autem
823 2652 868 2704 est
894 2659 1021 2702 censere
1049 2641 1163 2718 singula
1187 2657 1221 2700 eo
1248 2639 1385 2718 quaein

247 2743 431 2804 destruendo
455 2741 603 2820 gradatim
616 2743 801 2806 Jerusalemo
824 2753 854 2804 et
873 2741 1010 2821 gentium
1033 2741 1229 2802 conversione
1251 2757 1383 2818 praepa·
1429 2751 1430 2756 ’

245 2844 338 2905 rande
361 2843 434 2904 laeta
458 2852 543 2916 sunt,
573 2843 712 2906 minutias
736 2862 804 2906 esse
827 2844 965 2921 indignas
989 2861 1062 2922 quae
1085 2861 1101 2902 a
1122 2839 1290 2903 Christiano
1317 2849 1384 2900 vate

247 2943 418 3022 diligentius
448 2953 690 3024 percenseautur.
719 2975 760 2988 -
806 2945 920 3019 Quibus
950 2942 1124 3022 praemissis
1153 2942 1312 3004 rideamus
1343 2942 1383 3004 ‹le
1429 2942 1430 2992 l

247 3045 391 3126 singulis:
431 3065 488 3126 qua
520 3047 583 3106 sola
617 3046 733 3106 ratione
766 3044 923 3106 diiudicari
956 3052 1055 3122 potest
1086 3052 1182 3106 utrum
1211 3043 1285 3105 liaeo
1316 3045 1385 3108 sint

246 3165 319 3206 vana
340 3163 376 3206 au
399 3165 466 3206 vera
485 3146 678 3223 praeiudicia.
998 3197 1003 3204 .

348 3248 541 3325 apprimum
566 3247 685 3328 quidem
709 3249 889 3328 aspiciamus
913 3249 1071 3311 concilium
1096 3249 1199 3312 iudicii
1223 3267 1248 3310 c.
1271 3247 1324 3312 lv.
1350 3251 1386 3312 V.

246 3348 339 3410 Sedet
367 3349 440 3412 deus
469 3351 500 3411 in
529 3351 637 3412 throno
660 3369 748 3432 quem
770 3347 1077 3416 circumdant‘tlaroui
1105 3351 1211 3430 viginti
1238 3361 1388 3430 quattuor

246 3451 356 3530 quibus
384 3452 513 3514 insident
542 3451 665 3518 totidem
694 3461 858 3518 senatores.
903 3455 939 3516 lli
967 3473 1038 3516 vero
1064 3472 1123 3518 nou
1153 3463 1280 3533 possunt
1311 3473 1387 3520 esse

244 3551 427 3630 patriarchae
450 3563 480 3616 et
503 3557 640 3635 apostoli.
686 3557 759 3618 Nam
781 3566 866 3618 vetus
889 3557 997 3619 foedus
1017 3575 1076 3619 non
1099 3558 1138 3619 ita
1163 3559 1245 3619 iuxta
1266 3575 1386 3622 novum

244 3653 316 3729 poni
336 3661 450 3730 potest:
480 3663 565 3718 vetus
593 3659 623 3718 in
650 3675 758 3722 nonum
782 3660 901 3722 transiit
929 3671 957 3723 et
979 3661 1105 3738 apostoli
1128 3669 1199 3724 suut
1226 3661 1295 3722 nori
1322 3683 1386 3742 pa-

244 3753 389 3816 triarchae
406 3753 537 3820 israelis.
581 3757 642 3821 Neo
665 3778 732 3822 cum
753 3759 904 3821 Joaclaimo
925 3761 976 3822 Xll
996 3761 1118 3822 ludaeis
1139 3761 1281 3840 apostolis
1305 3765 1386 3824 toti-

244 3857 311 3918 dem
334 3875 370 3918 ex
393 3858 553 3938 gentilibus
582 3863 796 3928 annumerandi
825 3871 911 3938 sunt3
942 3863 997 3926 Xll
1024 3863 1103 3926 enim
1135 3883 1211 3944 quos
1235 3864 1385 3930 Christus

244 3961 333 4040 elegit
354 3963 489 4041 primarii
510 3965 634 4043 apostoli
657 3965 755 4028 locum
778 3983 903 4045 prorsus
926 3966 1106 4044 singularem
1127 3975 1215 4046 atque
1237 3967 1385 4030 eminen-

242 4068 302 4122 tem
329 4071 441 4126 teuent.
492 4063 729 4144 Repraesentant
755 4085 826 4130 reru
846 4069 936 4132 XXlV
963 4070 1099 4132 seniores
1125 4070 1281 4132 ecclesiam
1305 4091 1384 4134 eum
1429 4061 1430 4102 ³

242 4161 274 4222 in
296 4163 417 4227 modum
446 4173 478 4228 nt
498 4165 550 4228 Xll
576 4167 612 4228 ad
631 4169 776 4251 ludaeos,
807 4169 862 4232 llll
889 4171 925 4232 ad
955 4169 1082 4250 gentiles
1105 4178 1251 4251 spectent
1295 4173 1384 4234 Cum

243 4267 341 4322 tamen
363 4263 517 4327 christiani
539 4267 702 4330 secundum
725 4268 780 4330 Xll
801 4269 896 4332 trihus
919 4269 1133 4350 dispertiantur
1155 4267 1208 4352 (ol.
1233 4270 1382 4351 inscript.
1429 4343 1430 4348 ἵ

241 4359 327 4455 epist
349 4362 488 4440 iacobi),
517 4373 609 4458 patet
625 4369 737 4432 tribum
764 4373 1003 4454 unamquamque
1025 4371 1144 4438 israelis
1174 4373 1243 4435 novi
1267 4381 1296 4436 et
1320 4377 1385 4464 Ju7
1429 4373 1430 4420 Ὗ
