2900 5054
785 343 826 410 56

243 517 345 580 'l'ertia
373 535 444 580 roro
468 523 551 598 parte
577 535 718 600 aqtmrum
743 515 926 580 absinthium
954 517 1029 580 lecta
1057 515 1207 596 intellegit
1232 519 1371 594 magnam

201 651 204 655 ·
242 619 358 680 turbam
380 637 458 700 quaa
484 637 553 680 eum
583 629 685 684 secuta
715 627 744 680 et
767 619 908 681 facinora·
929 619 996 682 eins
1021 619 1134 682 imitata
1156 619 1274 700 estqui
1297 618 1369 681 dicti

242 729 313 784 sunt
333 721 443 782 sicarii.
488 721 526 785 Et
553 720 630 783 sicut
653 720 753 799 perire
782 720 883 782 solent
910 720 962 800 qui
985 739 1076 801 aquas
1104 720 1229 782 inlectos
1251 720 1370 794 hibunt,

241 822 282 884 ita
304 841 357 902 per
378 822 515 885 homines
545 822 595 884 illa
623 821 751 885 lectione
773 830 926 886 contactos
949 822 1108 885 interiissc
1123 822 1257 894 multos..
1287 823 1372 884 Wet·

242 931 346 986 steuus
370 924 409 986 da
439 925 644 987 internecione
677 925 857 987 ludaeorum
882 918 1120 1006 scythopolitam
1148 926 1265 1006 cogitat.
1310 927 1374 990 liar

241 1029 408 1106 reohergus
431 1047 460 1108 p.
485 1026 559 1089 ata.
583 1029 691 1090 tamem
716 1035 746 1090 et
770 1029 877 1090 caedes
910 1027 967 1090 suh
987 1015 1120 1091 'claudio
1155 1028 1246 1090 lactas
1274 1028 1371 1089 alfort

241 1129 413 1202 llerderus:
443 1128 509 1190 Nun
530 1130 608 1191 ward
633 1131 687 1191 der
708 1126 801 1209 Xrieg'
821 1131 881 1192 und
908 1130 957 1192 die
979 1129 1240 1210 Erbitterung
1263 1130 1373 1192 immor

242 1236 421 1310 grossam..
467 1231 538 1292 Wc'r
561 1231 654 1293 henot
676 1232 759 1294 nicht
777 1233 829 1294 das
849 1231 917 1293 Bild
934 1231 987 1294 des
1002 1231 1163 1310 unseligen
1183 1230 1373 1310 Eitergoi·

240 1341 324 1396 stes
346 1333 400 1396 der
422 1332 497 1395 alles
522 1349 556 1395 so
578 1332 667 1395 bitter
690 1332 828 1396 rnechte?
871 1333 993 1395 Eleasar
1023 1332 1104 1394 hiess
1130 1332 1184 1394 der
1204 1331 1293 1393 Steru
1316 1333 1374 1395 der

241 1455 311 1500 unm
332 1438 461 1500 llimmel
484 1438 534 1500 fiel
554 1439 616 1503 uod
640 1438 696 1500 wie
720 1439 787 1499 eine
815 1437 925 1498 Facltel
953 1437 1094 1508 brannte,
1124 1429 1178 1496 dor
1203 1434 1284 1496 Solon
1315 1434 1373 1496 des

240 1539 485 1620 Hohepriesters‚
521 1539 569 1600 ein
602 1539 728 1618 lritziger
762 1539 881 1600 krihner
908 1539 1060 1618 tungting.
1090 1569 1132 1584 ·-
1181 1536 1373 1600 Pedeteutim

241 1650 353 1704 textum
379 1641 554 1703 enodemus.
597 1641 662 1706 Kal
684 1639 700 1704 ὁ
728 1647 829 1724 τρίτος
852 1636 978 1726 ἄγγελος
1005 1637 1167 1706 ἐσάλπισεν
1195 1640 1246 1708 eui
1266 1644 1374 1708 ἔτισεν

240 1747 276 1810 ἐτι
295 1747 353 1810 τοῦ
376 1740 512 1827 οὐρανοῦ
537 1739 632 1828 ἀστὴρ
662 1746 757 1828 μένοις
785 1738 945 1822 καιόμενος
972 1741 1012 1818 οἷς
1039 1740 1165 1824 λαμπὰς
1191 1745 1244 1808 καὶ
1265 1744 1374 1808 inausa

241 1849 290 1916 tut
312 1846 346 1916 τὸ
368 1853 469 1930 τρίτον
492 1849 554 1916 τῶν
575 1850 720 1926 ποταμῶν
749 1845 800 1912 καὶ
820 1845 867 1910 ἐπὶ
889 1843 944 1920 τὰς
966 1841 1067 1928 πηγὰς
1089 1849 1148 1909 τῶν
1169 1841 1298 1910 ὑδάτων.
1319 1843 1373 1908 κατ’

241 1949 277 2015 cd
295 1947 392 2030 ὄνομα
413 1952 471 2016 τοῦ
495 1947 623 2031 ἀστέρος
642 1946 764 2026 λέγεται
785 1946 803 2013 ὁ
826 1943 979 2030 ἄψινθος.
1007 1946 1058 2010 καὶ
1075 1948 1193 2023 ἐγένετο
1214 1944 1249 2011 τὰ
1270 1949 1374 2028 τρίτον

242 2059 301 2118 coir
322 2049 441 2118 ὑδάτων
461 2057 505 2127 sie
528 2049 674 2136 ἄψινθον
702 2050 753 2114 κοιλ
780 2048 896 2116 πολλοὶ
923 2053 985 2114 τῶν
1006 2045 1181 2130 ἀνθρώπων
1207 2043 1374 2112 ἀπέθανον

241 2159 276 2222 in
293 2159 355 2222 τῶν
378 2153 503 2222 ὑδάτων
529 2148 578 2220 ὅτι
606 2147 852 2236 ἐπικράνθησαν.
896 2151 985 2214 Stella
1007 2152 1154 2213 Judaeum
1174 2149 1302 2231 aliquem
1327 2149 1373 2210 si-

240 2262 370 2341 gnificat.
402 2279 428 2322 v.
452 2261 488 2321 ad
509 2259 565 2332 Vl,
592 2258 640 2319 13.
686 2255 776 2318 Stella
807 2269 912 2332 magua
949 2253 1094 2316 Judaeum
1129 2253 1227 2335 aliqua
1255 2251 1373 2314 radone

243 2354 382 2430 nobilcni.
427 2365 503 2427 Cum
526 2372 593 2424 urat
615 2359 759 2440 lampadis
779 2346 883 2431 instar,
907 2365 954 2419 est
974 2357 1132 2437 propheta:
1157 2355 1215 2416 Sir.
1240 2353 1372 2427 xtuli,

245 2469 273 2532 l.
297 2470 334 2532 cl.
356 2466 443 2530 Zach.
464 2465 525 2538 Xll,
546 2463 576 2526 θ.
602 2463 651 2524 ubi
674 2462 746 2522 item
768 2460 839 2522 licet
854 2460 910 2522 alia
926 2459 1054 2540 quadam
1068 2457 1183 2519 ratione
1200 2456 1272 2518 deus
1285 2454 1372 2535 prin-

244 2573 326 2653 cipes
348 2569 442 2632 tudae
465 2586 498 2629 se
520 2568 668 2628 iacturum
692 2582 760 2625 esse
781 2563 822 2624 ait
844 2559 884 2635 ὥς
904 2553 1054 2641 λαμπάδα
1068 2552 1170 2636 πυρός.
1214 2555 1374 2618 Ceciderat

243 2673 327 2736 stella
350 2671 399 2732 illa
423 2687 528 2747 magna
551 2668 588 2728 de
611 2666 692 2728 caelo
710 2665 762 2726 uhi
783 2664 845 2726 sola
868 2663 926 2724 vita
949 2681 983 2723 ac
1004 2661 1114 2722 veritas
1132 2676 1224 2740 quare
1239 2655 1373 2739 prophe·

244 2774 284 2835 tia
307 2772 372 2832 eius
394 2778 440 2831 est
458 2767 730 2849 pseudoprophetia
755 2767 808 2842 (ci.
831 2765 924 2828 tudae
946 2762 994 2827 13.
1018 2764 1055 2824 de
1077 2761 1251 2824 haereticis:
1275 2758 1373 2824 οἰστέ-

214 2901 292 2961 .ρις
313 2873 474 2959 πλανῆται.
520 2873 563 2935 cf.
585 2870 605 2933 2
627 2872 703 2934 Tim.
725 2875 778 2940 ΙΙΙ,
804 2868 860 2931 lt:
891 2867 1018 2950 πονηροὶ
1033 2861 1278 2946 ἄνθρωπονκαὶ
1296 2857 1373 2944 γόη-

243 3001 290 3058 τος
385 2973 558 3050 πλανῶντες
579 2970 631 3038 καὶ
646 2967 852 3052 πλανώμενοι)
874 2970 952 3051 quod
974 2969 1064 3032 etiam
1086 2974 1166 3048 potet
1186 2986 1222 3028 ex
1242 2985 1372 3046 soquen-

243 3081 349 3143 tihuss
378 3078 479 3159 Aquae
505 3076 594 3138 enim·
612 3093 687 3156 quae
712 3073 802 3136 vitam
833 3080 865 3134 ut
891 3089 981 3150 supra
1004 3068 1185 3148 «significant
1214 3075 1244 3130 et
1271 3086 1373 3132 reram

244 3183 549 3246 doctrinamiscatent
570 3177 601 3239 in
624 3176 755 3239 lontibus
781 3191 884 3238 sacrae
909 3168 1075 3252 scdipturae
1091 3169 1177 3264 pade
1199 3187 1214 3229 a
1239 3169 1372 3232 doctori·

242 3289 299 3350 huo
321 3293 460 3363 unquam
489 3299 544 3361 per
570 3278 691 3342 flumina
722 3277 894 3340 derivantur
916 3276 947 3336 io
975 3273 1127 3354 populum.
1172 3274 1303 3336 Πίτιιιιτ
1323 3271 1373 3334 ini

244 3395 277 3451 ut
299 3387 365 3462 Vll,
398 3384 446 3447 tt.
475 3383 535 3444 rim
557 3381 757 3464 perniciosam
788 3377 952 3457 significem
990 3371 1249 3456 pseudopropheta
1279 3369 1374 3449 igitur

243 3490 297 3552 ille
315 3490 455 3568 depravat
482 3485 664 3558 doctrinam,
695 3482 859 3561 corrumpit
888 3497 1002 3542 sacram
1028 3476 1223 3554 scripturam,
1253 3471 1375 3537 seducit

242 3594 395 3656 doctores.
438 3587 628 3652 hbsiuthium
657 3586 736 3667 quod
765 3594 812 3646 ost
833 3583 1052 3646 amarissimum
1074 3599 1141 3644 cum
1164 3597 1280 3643 veneno
1302 3596 1374 3642 aaa·

243 3699 311 3780 pius
334 3695 532 3774 coniungitur.
587 3693 631 3756 cf.
661 3691 747 3754 haut.
771 3688 881 3760 XXIX,
904 3685 955 3748 ll,
992 3686 1078 3759 (cod.
1103 3684 1184 3746 dlex.
1214 3682 1251 3748 cl.
1278 3681 1371 3744 llebr.

243 3803 305 3876 llll,
332 3796 370 3862 15
389 3797 495 3888 ἐνοχλῇ
514 3801 568 3874 pro
588 3796 621 3860 ir
641 3792 729 3884 χολῇ,
749 3809 784 3854 ac
806 3809 860 3871 pro
883 3801 951 3853 rato
973 3787 1043 3865 legit
1065 3786 1173 3868 ahqois
1196 3799 1266 3853 nnn
1289 3787 1375 3848 uode

243 3906 366 3986 ιιιιιρλος
381 3906 450 3980 post
469 3896 535 3981 ῥίζα
557 3896 701 3976 irrepsit).
746 3895 806 3958 lor.
830 3891 881 3966 111,
907 3890 956 3954 14.
979 3889 1085 3964 1111111,
1105 3887 1153 3952 ta,
1176 3892 1234 3970 θρ.
1249 3888 1300 3964 111,
1319 3885 1373 3954 lt.

245 4007 297 4072 10,
319 4023 401 4085 prov.
426 4002 465 4074 V,
488 3999 517 4062 4.
562 3999 688 4064 Maxime
713 4000 755 4062 ol.
785 4000 850 4060 Am.
874 3997 906 4072 V,
929 3995 964 4058 7:
995 4005 1189 4058 convertentes
1216 3999 1248 4054 ιἰι
1276 3998 1374 4056 chain·

173 4099 178 4106 ’
244 4112 335 4172 anun
352 4111 398 4173 tut
420 4110 612 4169 cumcontra
634 4106 709 4162 ctcct
731 4120 807 4179 opaca
822 4103 910 4178 neore
931 4098 1058 4182 debebat
1079 4118 1107 4160 τ.
1127 4095 1180 4162 24.
1223 4098 1299 4162 ltem
1322 4099 1374 4173 v1‚

246 4206 302 4275 lid:
325 4209 561 4273 commentatio
579 4223 715 4267 cenom
735 4209 782 4264 tua
797 4214 823 4264 et
844 4207 968 4280 [reaten
991 4205 1121 4265 malitiae
1137 4207 1169 4266 ’ut
1188 4205 1376 4264 oduntdiunc.

243 4308 305 4372 Noc
319 4314 424 4370 ,tamen
445 4312 530 4372 vatos
548 4304 674 4384 scripsit
702 4301 857 4387 ἆψὶνθιον
888 4305 968 4386 quod
984 4303 1076 4372 etiam
1104 4303 1136 4370 io
1158 4303 1288 4382 linguam
1310 4304 1376 4368 lle-

244 4409 362 4480 bmtam
385 4413 619 4494 transsumptum
640 4415 707 4483 esti
724 4407 835 4493 legitur
855 4414 888 4472 ut
903 4406 1124 4478 condimentum
1141 4407 1203 4472 viai
1226 4418 1375 4491 spasmon
