<?xml version="1.0" encoding="UTF-8"?>
<!DOCTYPE html PUBLIC "-//W3C//DTD XHTML 1.0 Transitional//EN"
    "http://www.w3.org/TR/xhtml1/DTD/xhtml1-transitional.dtd">
<html xmlns="http://www.w3.org/1999/xhtml" xml:lang="en" lang="en">
 <head>
  <title>
</title>
<meta http-equiv="Content-Type" content="text/html;charset=utf-8" />
  <meta name='ocr-system' content='tesseract 3.04.00' />
  <meta name='ocr-capabilities' content='ocr_page ocr_carea ocr_par ocr_line ocrx_word'/>
</head>
<body>
  <div class='ocr_page' id='page_1' title='image "./deapocalypsijoa00boehgoog_0013.png"; bbox 0 0 2900 5054; ppageno 0'>
   <div class='ocr_carea' id='block_1_1' title="bbox 809 373 829 440">
    <p class='ocr_par' dir='ltr' id='par_1_1' title="bbox 809 373 829 440">
     <span class='ocr_line' id='line_1_1' title="bbox 809 373 829 440; baseline 0 0"><span class='ocrx_word' id='word_1_1' title='bbox 809 373 829 440; x_wconf 80' lang='lat' dir='ltr'><strong>d</strong></span> 
     </span>
    </p>
   </div>
   <div class='ocr_carea' id='block_1_2' title="bbox 260 539 1400 2872">
    <p class='ocr_par' dir='ltr' id='par_1_2' title="bbox 260 539 1396 2051">
     <span class='ocr_line' id='line_1_2' title="bbox 262 539 1389 630; baseline -0.017 -10"><span class='ocrx_word' id='word_1_2' title='bbox 262 557 333 620; x_wconf 83' lang='lat' dir='ltr'><strong>alles</strong></span> <span class='ocrx_word' id='word_1_3' title='bbox 355 555 398 617; x_wconf 88' lang='lat' dir='ltr'><strong>als</strong></span> <span class='ocrx_word' id='word_1_4' title='bbox 420 568 588 630; x_wconf 82' lang='lat' dir='ltr'><strong>vergangen</strong></span> <span class='ocrx_word' id='word_1_5' title='bbox 615 547 815 628; x_wconf 74' lang='lat' dir='ltr'><strong>gegenwdrtig</strong></span> <span class='ocrx_word' id='word_1_6' title='bbox 838 545 898 607; x_wconf 91' lang='lat' dir='ltr'><strong>und</strong></span> <span class='ocrx_word' id='word_1_7' title='bbox 921 541 1074 622; x_wconf 80' lang='lat' dir='ltr'><strong>aukdnllig</strong></span> <span class='ocrx_word' id='word_1_8' title='bbox 1095 541 1248 622; x_wconf 76' lang='lat' dir='ltr'><strong>aegrotet,</strong></span> <span class='ocrx_word' id='word_1_9' title='bbox 1272 539 1332 602; x_wconf 81' lang='lat' dir='ltr'><strong>wie</strong></span> <span class='ocrx_word' id='word_1_10' title='bbox 1356 559 1389 601; x_wconf 88' lang='lat' dir='ltr'><strong>es</strong></span> 
     </span>
     <span class='ocr_line' id='line_1_3' title="bbox 260 641 1390 731; baseline -0.015 -13"><span class='ocrx_word' id='word_1_11' title='bbox 260 655 291 719; x_wconf 91' lang='lat' dir='ltr'><strong>in</strong></span> <span class='ocrx_word' id='word_1_12' title='bbox 314 657 380 717; x_wconf 89' lang='lat' dir='ltr'><strong>dem</strong></span> <span class='ocrx_word' id='word_1_13' title='bbox 402 655 505 714; x_wconf 88' lang='lat' dir='ltr'><strong>Worte</strong></span> <span class='ocrx_word' id='word_1_14' title='bbox 527 651 717 731; x_wconf 83' lang='lat' dir='ltr'><strong>desjenigen‚</strong></span> <span class='ocrx_word' id='word_1_15' title='bbox 748 651 803 710; x_wconf 93' lang='lat' dir='ltr'><strong>der</strong></span> <span class='ocrx_word' id='word_1_16' title='bbox 825 647 861 709; x_wconf 88' lang='lat' dir='ltr'><strong>de</strong></span> <span class='ocrx_word' id='word_1_17' title='bbox 883 648 922 710; x_wconf 91' lang='lat' dir='ltr'><strong>ist</strong></span> <span class='ocrx_word' id='word_1_18' title='bbox 944 645 1003 708; x_wconf 90' lang='lat' dir='ltr'><strong>und</strong></span> <span class='ocrx_word' id='word_1_19' title='bbox 1029 645 1082 706; x_wconf 91' lang='lat' dir='ltr'><strong>der</strong></span> <span class='ocrx_word' id='word_1_20' title='bbox 1104 645 1140 706; x_wconf 93' lang='lat' dir='ltr'><strong>da</strong></span> <span class='ocrx_word' id='word_1_21' title='bbox 1166 662 1228 704; x_wconf 85' lang='lat' dir='ltr'><strong>war</strong></span> <span class='ocrx_word' id='word_1_22' title='bbox 1248 643 1311 703; x_wconf 86' lang='lat' dir='ltr'><strong>und</strong></span> <span class='ocrx_word' id='word_1_23' title='bbox 1337 641 1390 702; x_wconf 90' lang='lat' dir='ltr'><strong>der</strong></span> 
     </span>
     <span class='ocr_line' id='line_1_4' title="bbox 260 749 1391 828; baseline -0.011 -8"><span class='ocrx_word' id='word_1_24' title='bbox 260 760 296 820; x_wconf 91' lang='lat' dir='ltr'><strong>da</strong></span> <span class='ocrx_word' id='word_1_25' title='bbox 319 758 385 819; x_wconf 89' lang='lat' dir='ltr'><strong>sein</strong></span> <span class='ocrx_word' id='word_1_26' title='bbox 408 757 491 828; x_wconf 86' lang='lat' dir='ltr'><strong>uird,</strong></span> <span class='ocrx_word' id='word_1_27' title='bbox 519 755 601 816; x_wconf 90' lang='lat' dir='ltr'><strong>nicht</strong></span> <span class='ocrx_word' id='word_1_28' title='bbox 618 755 724 816; x_wconf 89' lang='lat' dir='ltr'><strong>anders</strong></span> <span class='ocrx_word' id='word_1_29' title='bbox 748 753 813 815; x_wconf 87' lang='lat' dir='ltr'><strong>seio</strong></span> <span class='ocrx_word' id='word_1_30' title='bbox 839 753 926 813; x_wconf 83' lang='lat' dir='ltr'><strong>kann.</strong></span> <span class='ocrx_word' id='word_1_31' title='bbox 972 753 1035 825; x_wconf 85' lang='lat' dir='ltr'><strong>Qua</strong></span> <span class='ocrx_word' id='word_1_32' title='bbox 1058 767 1129 810; x_wconf 88' lang='lat' dir='ltr'><strong>vero</strong></span> <span class='ocrx_word' id='word_1_33' title='bbox 1151 749 1197 810; x_wconf 88' lang='lat' dir='ltr'><strong>via</strong></span> <span class='ocrx_word' id='word_1_34' title='bbox 1218 767 1253 810; x_wconf 91' lang='lat' dir='ltr'><strong>ac</strong></span> <span class='ocrx_word' id='word_1_35' title='bbox 1277 749 1391 809; x_wconf 90' lang='lat' dir='ltr'><strong>ratione</strong></span> 
     </span>
     <span class='ocr_line' id='line_1_5' title="bbox 261 851 1391 941; baseline -0.01 -19"><span class='ocrx_word' id='word_1_36' title='bbox 261 877 454 941; x_wconf 86' lang='lat' dir='ltr'><strong>quaecunque</strong></span> <span class='ocrx_word' id='word_1_37' title='bbox 481 859 610 919; x_wconf 85' lang='lat' dir='ltr'><strong>loannes</strong></span> <span class='ocrx_word' id='word_1_38' title='bbox 637 858 668 918; x_wconf 93' lang='lat' dir='ltr'><strong>in</strong></span> <span class='ocrx_word' id='word_1_39' title='bbox 693 855 877 934; x_wconf 76' lang='lat' dir='ltr'>exponendis</span> <span class='ocrx_word' id='word_1_40' title='bbox 906 854 996 916; x_wconf 84' lang='lat' dir='ltr'><strong>rebus</strong></span> <span class='ocrx_word' id='word_1_41' title='bbox 1025 853 1132 932; x_wconf 90' lang='lat' dir='ltr'><strong>amplis</strong></span> <span class='ocrx_word' id='word_1_42' title='bbox 1159 861 1254 914; x_wconf 87' lang='lat' dir='ltr'><strong>aelate</strong></span> <span class='ocrx_word' id='word_1_43' title='bbox 1282 851 1348 912; x_wconf 87' lang='lat' dir='ltr'><strong>eius</strong></span> <span class='ocrx_word' id='word_1_44' title='bbox 1376 869 1391 910; x_wconf 94' lang='lat' dir='ltr'><strong>a</strong></span> 
     </span>
     <span class='ocr_line' id='line_1_6' title="bbox 263 957 1392 1040; baseline -0.008 -15"><span class='ocrx_word' id='word_1_45' title='bbox 263 965 320 1025; x_wconf 90' lang='lat' dir='ltr'><strong>deo</strong></span> <span class='ocrx_word' id='word_1_46' title='bbox 344 962 437 1040; x_wconf 89' lang='lat' dir='ltr'><strong>gestis</strong></span> <span class='ocrx_word' id='word_1_47' title='bbox 468 961 583 1032; x_wconf 82' lang='lat' dir='ltr'><strong>docuit,</strong></span> <span class='ocrx_word' id='word_1_48' title='bbox 612 961 641 1020; x_wconf 92' lang='lat' dir='ltr'><strong>in</strong></span> <span class='ocrx_word' id='word_1_49' title='bbox 673 968 789 1038; x_wconf 90' lang='lat' dir='ltr'><strong>tempus</strong></span> <span class='ocrx_word' id='word_1_50' title='bbox 816 977 1006 1038; x_wconf 90' lang='lat' dir='ltr'><strong>consequens</strong></span> <span class='ocrx_word' id='word_1_51' title='bbox 1033 957 1239 1019; x_wconf 79' lang='lat' dir='ltr'><strong>transferenda</strong></span> <span class='ocrx_word' id='word_1_52' title='bbox 1269 957 1333 1018; x_wconf 90' lang='lat' dir='ltr'><strong>siut</strong></span> <span class='ocrx_word' id='word_1_53' title='bbox 1363 963 1392 1016; x_wconf 92' lang='lat' dir='ltr'><strong>et</strong></span> 
     </span>
     <span class='ocr_line' id='line_1_7' title="bbox 261 1059 1392 1140; baseline -0.006 -14"><span class='ocrx_word' id='word_1_54' title='bbox 261 1063 526 1135; x_wconf 84' lang='lat' dir='ltr'><strong>accommodanda,</strong></span> <span class='ocrx_word' id='word_1_55' title='bbox 559 1063 618 1123; x_wconf 92' lang='lat' dir='ltr'><strong>iam</strong></span> <span class='ocrx_word' id='word_1_56' title='bbox 641 1062 677 1122; x_wconf 91' lang='lat' dir='ltr'><strong>ad</strong></span> <span class='ocrx_word' id='word_1_57' title='bbox 701 1061 775 1122; x_wconf 89' lang='lat' dir='ltr'><strong>alios</strong></span> <span class='ocrx_word' id='word_1_58' title='bbox 802 1059 918 1122; x_wconf 92' lang='lat' dir='ltr'><strong>iudices</strong></span> <span class='ocrx_word' id='word_1_59' title='bbox 946 1060 1125 1123; x_wconf 77' lang='lat' dir='ltr'><strong>remittimus</strong></span> <span class='ocrx_word' id='word_1_60' title='bbox 1147 1079 1214 1122; x_wconf 83' lang='lat' dir='ltr'><strong>curn</strong></span> <span class='ocrx_word' id='word_1_61' title='bbox 1238 1059 1392 1140; x_wconf 88' lang='lat' dir='ltr'><strong>antiquius</strong></span> 
     </span>
     <span class='ocr_line' id='line_1_8' title="bbox 262 1160 1392 1228; baseline -0.008 0"><span class='ocrx_word' id='word_1_62' title='bbox 262 1167 423 1228; x_wconf 85' lang='lat' dir='ltr'><strong>habeamus</strong></span> <span class='ocrx_word' id='word_1_63' title='bbox 457 1163 586 1224; x_wconf 89' lang='lat' dir='ltr'><strong>solidum</strong></span> <span class='ocrx_word' id='word_1_64' title='bbox 616 1162 791 1224; x_wconf 79' lang='lat' dir='ltr'><strong>substruere</strong></span> <span class='ocrx_word' id='word_1_65' title='bbox 819 1161 1052 1222; x_wconf 79' lang='lat' dir='ltr'><strong>fundamentum.</strong></span> <span class='ocrx_word' id='word_1_66' title='bbox 1106 1160 1224 1222; x_wconf 79' lang='lat' dir='ltr'><strong>Constet</strong></span> <span class='ocrx_word' id='word_1_67' title='bbox 1255 1164 1332 1219; x_wconf 81' lang='lat' dir='ltr'><strong>enim</strong></span> <span class='ocrx_word' id='word_1_68' title='bbox 1360 1167 1392 1219; x_wconf 89' lang='lat' dir='ltr'><strong>ut</strong></span> 
     </span>
     <span class='ocr_line' id='line_1_9' title="bbox 263 1259 1393 1341; baseline -0.011 -12"><span class='ocrx_word' id='word_1_69' title='bbox 263 1266 420 1329; x_wconf 82' lang='lat' dir='ltr'><strong>occasione</strong></span> <span class='ocrx_word' id='word_1_70' title='bbox 444 1265 510 1326; x_wconf 87' lang='lat' dir='ltr'><strong>data</strong></span> <span class='ocrx_word' id='word_1_71' title='bbox 535 1265 564 1325; x_wconf 90' lang='lat' dir='ltr'><strong>in</strong></span> <span class='ocrx_word' id='word_1_72' title='bbox 595 1283 679 1326; x_wconf 91' lang='lat' dir='ltr'><strong>usum</strong></span> <span class='ocrx_word' id='word_1_73' title='bbox 706 1263 796 1324; x_wconf 90' lang='lat' dir='ltr'><strong>allum</strong></span> <span class='ocrx_word' id='word_1_74' title='bbox 819 1262 937 1324; x_wconf 76' lang='lat' dir='ltr'><strong>Alcaser</strong></span> <span class='ocrx_word' id='word_1_75' title='bbox 968 1261 1042 1322; x_wconf 88' lang='lat' dir='ltr'><strong>dixit</strong></span> <span class='ocrx_word' id='word_1_76' title='bbox 1066 1261 1079 1334; x_wconf 87' lang='lat'>(</span> <span class='ocrx_word' id='word_1_77' title='bbox 1087 1279 1116 1341; x_wconf 90' lang='lat' dir='ltr'><strong>p.</strong></span> <span class='ocrx_word' id='word_1_78' title='bbox 1137 1259 1226 1338; x_wconf 79' lang='grc'>668)</span> <span class='ocrx_word' id='word_1_79' title='bbox 1256 1279 1308 1320; x_wconf 86' lang='lat' dir='ltr'><strong>ece</strong></span> <span class='ocrx_word' id='word_1_80' title='bbox 1337 1279 1393 1318; x_wconf 78' lang='lat' dir='ltr'><strong>uon</strong></span> 
     </span>
     <span class='ocr_line' id='line_1_10' title="bbox 264 1364 1393 1444; baseline -0.004 -16"><span class='ocrx_word' id='word_1_81' title='bbox 264 1371 471 1444; x_wconf 68' lang='lat' dir='ltr'><strong>explicationes</strong></span> <span class='ocrx_word' id='word_1_82' title='bbox 500 1385 562 1426; x_wconf 83' lang='lat' dir='ltr'><strong>esee</strong></span> <span class='ocrx_word' id='word_1_83' title='bbox 590 1371 641 1424; x_wconf 87' lang='lat' dir='ltr'><strong>scd</strong></span> <span class='ocrx_word' id='word_1_84' title='bbox 669 1369 888 1442; x_wconf 70' lang='lat' dir='ltr'><strong>applicationes</strong></span> <span class='ocrx_word' id='word_1_85' title='bbox 940 1367 1023 1440; x_wconf 78' lang='lat' dir='ltr'><strong>Quae</strong></span> <span class='ocrx_word' id='word_1_86' title='bbox 1058 1372 1155 1426; x_wconf 85' lang='lat' dir='ltr'><strong>tamen</strong></span> <span class='ocrx_word' id='word_1_87' title='bbox 1184 1365 1296 1444; x_wconf 81' lang='lat' dir='ltr'><strong>optimu</strong></span> <span class='ocrx_word' id='word_1_88' title='bbox 1328 1364 1393 1424; x_wconf 85' lang='lat' dir='ltr'><strong>iure</strong></span> 
     </span>
     <span class='ocr_line' id='line_1_11' title="bbox 263 1466 1390 1546; baseline -0.002 -18"><span class='ocrx_word' id='word_1_89' title='bbox 263 1468 347 1529; x_wconf 86' lang='lat' dir='ltr'><strong>fiunt.</strong></span> <span class='ocrx_word' id='word_1_90' title='bbox 391 1467 462 1528; x_wconf 90' lang='lat' dir='ltr'><strong>Nam</strong></span> <span class='ocrx_word' id='word_1_91' title='bbox 482 1468 611 1528; x_wconf 89' lang='lat' dir='ltr'><strong>loannes</strong></span> <span class='ocrx_word' id='word_1_92' title='bbox 629 1467 756 1528; x_wconf 89' lang='lat' dir='ltr'><strong>maxime</strong></span> <span class='ocrx_word' id='word_1_93' title='bbox 779 1467 805 1528; x_wconf 94' lang='lat' dir='ltr'><strong>is</strong></span> <span class='ocrx_word' id='word_1_94' title='bbox 824 1475 887 1528; x_wconf 91' lang='lat' dir='ltr'><strong>erat</strong></span> <span class='ocrx_word' id='word_1_95' title='bbox 908 1467 959 1546; x_wconf 88' lang='lat' dir='ltr'><strong>qui</strong></span> <span class='ocrx_word' id='word_1_96' title='bbox 980 1485 1047 1528; x_wconf 90' lang='lat' dir='ltr'><strong>cum</strong></span> <span class='ocrx_word' id='word_1_97' title='bbox 1068 1466 1240 1530; x_wconf 77' lang='lat' dir='ltr'><strong>ecclesiaste</strong></span> <span class='ocrx_word' id='word_1_98' title='bbox 1263 1485 1390 1528; x_wconf 89' lang='lat' dir='ltr'><strong>consen-</strong></span> 
     </span>
     <span class='ocr_line' id='line_1_12' title="bbox 264 1568 1394 1646; baseline -0.004 -14"><span class='ocrx_word' id='word_1_99' title='bbox 264 1571 335 1632; x_wconf 90' lang='lat' dir='ltr'><strong>tiret</strong></span> <span class='ocrx_word' id='word_1_100' title='bbox 357 1570 406 1646; x_wconf 78' lang='lat' dir='ltr'><strong>(l,</strong></span> <span class='ocrx_word' id='word_1_101' title='bbox 430 1569 459 1628; x_wconf 83' lang='lat' dir='ltr'><strong>e.</strong></span> <span class='ocrx_word' id='word_1_102' title='bbox 488 1568 564 1639; x_wconf 83' lang='lat' dir='ltr'><strong>lll):</strong></span> <span class='ocrx_word' id='word_1_103' title='bbox 594 1574 631 1628; x_wconf 88' lang='lat' dir='ltr'><strong>Id</strong></span> <span class='ocrx_word' id='word_1_104' title='bbox 652 1575 727 1645; x_wconf 78' lang='lat' dir='ltr'><strong>quod</strong></span> <span class='ocrx_word' id='word_1_105' title='bbox 748 1581 810 1629; x_wconf 85' lang='lat' dir='ltr'><strong>erut</strong></span> <span class='ocrx_word' id='word_1_106' title='bbox 833 1580 878 1629; x_wconf 87' lang='lat' dir='ltr'><strong>est</strong></span> <span class='ocrx_word' id='word_1_107' title='bbox 901 1573 954 1628; x_wconf 76' lang='lat' dir='ltr'><strong>troc</strong></span> <span class='ocrx_word' id='word_1_108' title='bbox 974 1575 1049 1646; x_wconf 82' lang='lat' dir='ltr'><strong>quod</strong></span> <span class='ocrx_word' id='word_1_109' title='bbox 1069 1577 1122 1630; x_wconf 83' lang='lat' dir='ltr'><strong>erit</strong></span> <span class='ocrx_word' id='word_1_110' title='bbox 1145 1580 1171 1628; x_wconf 89' lang='lat' dir='ltr'><strong>et</strong></span> <span class='ocrx_word' id='word_1_111' title='bbox 1194 1575 1226 1629; x_wconf 84' lang='lat' dir='ltr'><strong>id</strong></span> <span class='ocrx_word' id='word_1_112' title='bbox 1249 1574 1326 1646; x_wconf 76' lang='lat' dir='ltr'><strong>quod</strong></span> <span class='ocrx_word' id='word_1_113' title='bbox 1347 1573 1394 1643; x_wconf 76' lang='lat' dir='ltr'><strong>fie-</strong></span> 
     </span>
     <span class='ocr_line' id='line_1_13' title="bbox 265 1674 1394 1748; baseline -0.004 -16"><span class='ocrx_word' id='word_1_114' title='bbox 265 1677 313 1732; x_wconf 84' lang='lat' dir='ltr'><strong>lct</strong></span> <span class='ocrx_word' id='word_1_115' title='bbox 334 1682 376 1729; x_wconf 86' lang='lat' dir='ltr'><strong>est</strong></span> <span class='ocrx_word' id='word_1_116' title='bbox 398 1674 450 1730; x_wconf 85' lang='lat' dir='ltr'><strong>lroc</strong></span> <span class='ocrx_word' id='word_1_117' title='bbox 473 1675 547 1746; x_wconf 82' lang='lat' dir='ltr'><strong>quod</strong></span> <span class='ocrx_word' id='word_1_118' title='bbox 574 1675 622 1746; x_wconf 75' lang='lat' dir='ltr'><strong>fiet</strong></span> <span class='ocrx_word' id='word_1_119' title='bbox 645 1691 733 1747; x_wconf 81' lang='lat' dir='ltr'><strong>oeque</strong></span> <span class='ocrx_word' id='word_1_120' title='bbox 758 1683 800 1730; x_wconf 88' lang='lat' dir='ltr'><strong>est</strong></span> <span class='ocrx_word' id='word_1_121' title='bbox 821 1677 971 1748; x_wconf 76' lang='lat' dir='ltr'><strong>quicquum</strong></span> <span class='ocrx_word' id='word_1_122' title='bbox 992 1679 1060 1733; x_wconf 81' lang='lat' dir='ltr'><strong>noel</strong></span> <span class='ocrx_word' id='word_1_123' title='bbox 1086 1677 1137 1732; x_wconf 79' lang='lat' dir='ltr'><strong>suo</strong></span> <span class='ocrx_word' id='word_1_124' title='bbox 1159 1677 1230 1733; x_wconf 87' lang='lat' dir='ltr'><strong>sole.</strong></span> <span class='ocrx_word' id='word_1_125' title='bbox 1274 1675 1309 1732; x_wconf 82' lang='lat' dir='ltr'><strong>Si</strong></span> <span class='ocrx_word' id='word_1_126' title='bbox 1332 1676 1394 1747; x_wconf 78' lang='lat' dir='ltr'><strong>pals</strong></span> 
     </span>
     <span class='ocr_line' id='line_1_14' title="bbox 266 1776 1394 1850; baseline 0.002 -20"><span class='ocrx_word' id='word_1_127' title='bbox 266 1782 308 1830; x_wconf 88' lang='lat' dir='ltr'><strong>eat</strong></span> <span class='ocrx_word' id='word_1_128' title='bbox 330 1777 379 1847; x_wconf 77' lang='lat' dir='ltr'><strong>qui</strong></span> <span class='ocrx_word' id='word_1_129' title='bbox 401 1776 492 1830; x_wconf 84' lang='lat' dir='ltr'><strong>dicut:</strong></span> <span class='ocrx_word' id='word_1_130' title='bbox 520 1791 583 1830; x_wconf 88' lang='lat' dir='ltr'><strong>ecce</strong></span> <span class='ocrx_word' id='word_1_131' title='bbox 605 1776 697 1831; x_wconf 83' lang='lat' dir='ltr'><strong>illud!</strong></span> <span class='ocrx_word' id='word_1_132' title='bbox 719 1793 822 1834; x_wconf 83' lang='lat' dir='ltr'><strong>uocum</strong></span> <span class='ocrx_word' id='word_1_133' title='bbox 843 1778 914 1834; x_wconf 77' lang='lat' dir='ltr'><strong>loct</strong></span> <span class='ocrx_word' id='word_1_134' title='bbox 937 1807 978 1819; x_wconf 87' lang='lat'><em>-</em></span> <span class='ocrx_word' id='word_1_135' title='bbox 1001 1780 1104 1834; x_wconf 83' lang='lat' dir='ltr'><strong>dudum</strong></span> <span class='ocrx_word' id='word_1_136' title='bbox 1125 1779 1221 1850; x_wconf 72' lang='lat' dir='ltr'><strong>fueret</strong></span> <span class='ocrx_word' id='word_1_137' title='bbox 1244 1780 1275 1834; x_wconf 81' lang='lat' dir='ltr'><strong>iu</strong></span> <span class='ocrx_word' id='word_1_138' title='bbox 1296 1793 1394 1834; x_wconf 79' lang='lat' dir='ltr'><strong>adece-</strong></span> 
     </span>
     <span class='ocr_line' id='line_1_15' title="bbox 266 1875 1396 1954; baseline 0.004 -22"><span class='ocrx_word' id='word_1_139' title='bbox 266 1877 303 1933; x_wconf 84' lang='lat' dir='ltr'><strong>lis</strong></span> <span class='ocrx_word' id='word_1_140' title='bbox 326 1892 398 1948; x_wconf 78' lang='lat' dir='ltr'><strong>puae</strong></span> <span class='ocrx_word' id='word_1_141' title='bbox 415 1875 531 1947; x_wconf 77' lang='lat' dir='ltr'><strong>fuerunt</strong></span> <span class='ocrx_word' id='word_1_142' title='bbox 549 1885 615 1932; x_wconf 86' lang='lat' dir='ltr'><strong>unte</strong></span> <span class='ocrx_word' id='word_1_143' title='bbox 631 1893 692 1932; x_wconf 84' lang='lat' dir='ltr'><strong>noe.</strong></span> <span class='ocrx_word' id='word_1_144' title='bbox 737 1875 841 1936; x_wconf 88' lang='lat' dir='ltr'><strong>Omnia</strong></span> <span class='ocrx_word' id='word_1_145' title='bbox 864 1876 948 1954; x_wconf 73' lang='lat' dir='ltr'><strong>letius</strong></span> <span class='ocrx_word' id='word_1_146' title='bbox 969 1876 1068 1948; x_wconf 86' lang='lat' dir='ltr'><strong>latent,</strong></span> <span class='ocrx_word' id='word_1_147' title='bbox 1091 1885 1158 1954; x_wconf 88' lang='lat' dir='ltr'><strong>post</strong></span> <span class='ocrx_word' id='word_1_148' title='bbox 1177 1883 1287 1954; x_wconf 88' lang='lat' dir='ltr'><strong>patent.</strong></span> <span class='ocrx_word' id='word_1_149' title='bbox 1335 1876 1396 1937; x_wconf 88' lang='lat' dir='ltr'><strong>Nec</strong></span> 
     </span>
     <span class='ocr_line' id='line_1_16' title="bbox 266 1974 1122 2051; baseline 0.006 -16"><span class='ocrx_word' id='word_1_150' title='bbox 266 1974 381 2051; x_wconf 89' lang='lat' dir='ltr'><strong>singula</strong></span> <span class='ocrx_word' id='word_1_151' title='bbox 403 1981 531 2041; x_wconf 82' lang='lat' dir='ltr'><strong>tantum,</strong></span> <span class='ocrx_word' id='word_1_152' title='bbox 563 1993 663 2036; x_wconf 86' lang='lat' dir='ltr'><strong>verum</strong></span> <span class='ocrx_word' id='word_1_153' title='bbox 689 1976 778 2036; x_wconf 89' lang='lat' dir='ltr'><strong>etiarn</strong></span> <span class='ocrx_word' id='word_1_154' title='bbox 802 1977 957 2038; x_wconf 86' lang='lat' dir='ltr'><strong>universus</strong></span> <span class='ocrx_word' id='word_1_155' title='bbox 981 1979 1122 2041; x_wconf 88' lang='lat' dir='ltr'><strong>mundus.</strong></span> 
     </span>
    </p>

    <p class='ocr_par' dir='ltr' id='par_1_3' title="bbox 266 2077 1400 2872">
     <span class='ocr_line' id='line_1_17' title="bbox 367 2077 1397 2160; baseline 0.007 -25"><span class='ocrx_word' id='word_1_156' title='bbox 367 2077 448 2149; x_wconf 86' lang='lat' dir='ltr'><strong>Quae</strong></span> <span class='ocrx_word' id='word_1_157' title='bbox 472 2095 538 2138; x_wconf 91' lang='lat' dir='ltr'><strong>cum</strong></span> <span class='ocrx_word' id='word_1_158' title='bbox 562 2078 600 2138; x_wconf 92' lang='lat' dir='ltr'><strong>ita</strong></span> <span class='ocrx_word' id='word_1_159' title='bbox 623 2079 692 2150; x_wconf 89' lang='lat' dir='ltr'><strong>sint,</strong></span> <span class='ocrx_word' id='word_1_160' title='bbox 715 2078 746 2140; x_wconf 91' lang='lat' dir='ltr'><strong>in</strong></span> <span class='ocrx_word' id='word_1_161' title='bbox 768 2079 991 2158; x_wconf 87' lang='lat' dir='ltr'><strong>interpretando</strong></span> <span class='ocrx_word' id='word_1_162' title='bbox 1017 2081 1093 2141; x_wconf 87' lang='lat' dir='ltr'><strong>libro</strong></span> <span class='ocrx_word' id='word_1_163' title='bbox 1116 2080 1172 2142; x_wconf 92' lang='lat' dir='ltr'><strong>hoc</strong></span> <span class='ocrx_word' id='word_1_164' title='bbox 1193 2079 1397 2160; x_wconf 78' lang='lat' dir='ltr'><strong>apocalyptica</strong></span> 
     </span>
     <span class='ocr_line' id='line_1_18' title="bbox 266 2176 1395 2263; baseline 0.005 -25"><span class='ocrx_word' id='word_1_165' title='bbox 266 2176 393 2238; x_wconf 79' lang='lat' dir='ltr'><strong>maxime</strong></span> <span class='ocrx_word' id='word_1_166' title='bbox 416 2177 572 2239; x_wconf 87' lang='lat' dir='ltr'><strong>colendam</strong></span> <span class='ocrx_word' id='word_1_167' title='bbox 594 2198 662 2240; x_wconf 91' lang='lat' dir='ltr'><strong>esse</strong></span> <span class='ocrx_word' id='word_1_168' title='bbox 686 2181 857 2242; x_wconf 87' lang='lat' dir='ltr'><strong>censuimus</strong></span> <span class='ocrx_word' id='word_1_169' title='bbox 881 2182 956 2243; x_wconf 88' lang='lat' dir='ltr'><strong>viam</strong></span> <span class='ocrx_word' id='word_1_170' title='bbox 985 2201 1020 2244; x_wconf 93' lang='lat' dir='ltr'><strong>ac</strong></span> <span class='ocrx_word' id='word_1_171' title='bbox 1042 2183 1186 2244; x_wconf 91' lang='lat' dir='ltr'><strong>rationem</strong></span> <span class='ocrx_word' id='word_1_172' title='bbox 1213 2200 1276 2242; x_wconf 91' lang='lat' dir='ltr'><strong>eam</strong></span> <span class='ocrx_word' id='word_1_173' title='bbox 1308 2203 1395 2263; x_wconf 87' lang='lat' dir='ltr'><strong>qnam</strong></span> 
     </span>
     <span class='ocr_line' id='line_1_19' title="bbox 266 2280 1399 2364; baseline 0.004 -23"><span class='ocrx_word' id='word_1_174' title='bbox 266 2289 335 2361; x_wconf 90' lang='lat' dir='ltr'><strong>post</strong></span> <span class='ocrx_word' id='word_1_175' title='bbox 357 2280 447 2341; x_wconf 88' lang='lat' dir='ltr'><strong>multa</strong></span> <span class='ocrx_word' id='word_1_176' title='bbox 468 2282 586 2343; x_wconf 86' lang='lat' dir='ltr'><strong>saecula</strong></span> <span class='ocrx_word' id='word_1_177' title='bbox 604 2283 725 2344; x_wconf 81' lang='lat' dir='ltr'><strong>obrutae</strong></span> <span class='ocrx_word' id='word_1_178' title='bbox 748 2284 837 2346; x_wconf 91' lang='lat' dir='ltr'><strong>huius</strong></span> <span class='ocrx_word' id='word_1_179' title='bbox 861 2285 930 2345; x_wconf 88' lang='lat' dir='ltr'><strong>libri</strong></span> <span class='ocrx_word' id='word_1_180' title='bbox 951 2284 1173 2364; x_wconf 83' lang='lat' dir='ltr'><strong>intellegentiae</strong></span> <span class='ocrx_word' id='word_1_181' title='bbox 1194 2284 1330 2362; x_wconf 82' lang='lat' dir='ltr'><strong>ingressa</strong></span> <span class='ocrx_word' id='word_1_182' title='bbox 1353 2295 1399 2346; x_wconf 89' lang='lat' dir='ltr'><strong>est</strong></span> 
     </span>
     <span class='ocr_line' id='line_1_20' title="bbox 266 2382 1397 2473; baseline 0 -29"><span class='ocrx_word' id='word_1_183' title='bbox 266 2382 410 2473; x_wconf 86' lang='lat' dir='ltr'><strong>Ludovici</strong></span> <span class='ocrx_word' id='word_1_184' title='bbox 438 2383 475 2444; x_wconf 89' lang='lat' dir='ltr'><strong>ab</strong></span> <span class='ocrx_word' id='word_1_185' title='bbox 501 2383 635 2456; x_wconf 70' lang='lat' dir='ltr'><strong>eleasar,</strong></span> <span class='ocrx_word' id='word_1_186' title='bbox 667 2385 791 2466; x_wconf 87' lang='lat' dir='ltr'><strong>Hispani</strong></span> <span class='ocrx_word' id='word_1_187' title='bbox 822 2386 902 2448; x_wconf 90' lang='lat' dir='ltr'><strong>illius</strong></span> <span class='ocrx_word' id='word_1_188' title='bbox 934 2387 1069 2466; x_wconf 87' lang='lat' dir='ltr'><strong>quidem,</strong></span> <span class='ocrx_word' id='word_1_189' title='bbox 1103 2385 1228 2464; x_wconf 81' lang='lat' dir='ltr'><strong>simplex</strong></span> <span class='ocrx_word' id='word_1_190' title='bbox 1250 2386 1397 2464; x_wconf 86' lang='lat' dir='ltr'><strong>quaedam</strong></span> 
     </span>
     <span class='ocr_line' id='line_1_21' title="bbox 269 2486 1400 2567; baseline 0.001 -22"><span class='ocrx_word' id='word_1_191' title='bbox 269 2493 298 2546; x_wconf 90' lang='lat' dir='ltr'><strong>et</strong></span> <span class='ocrx_word' id='word_1_192' title='bbox 319 2486 462 2547; x_wconf 88' lang='lat' dir='ltr'><strong>naturalis</strong></span> <span class='ocrx_word' id='word_1_193' title='bbox 490 2487 633 2566; x_wconf 84' lang='lat' dir='ltr'><strong>sagacitas</strong></span> <span class='ocrx_word' id='word_1_194' title='bbox 657 2508 712 2552; x_wconf 87' lang='lat' dir='ltr'><strong>nec</strong></span> <span class='ocrx_word' id='word_1_195' title='bbox 733 2490 978 2552; x_wconf 89' lang='lat' dir='ltr'><strong>scholasticorum</strong></span> <span class='ocrx_word' id='word_1_196' title='bbox 1007 2498 1178 2567; x_wconf 89' lang='lat' dir='ltr'><strong>temporum·</strong></span> <span class='ocrx_word' id='word_1_197' title='bbox 1195 2486 1279 2548; x_wconf 85' lang='lat' dir='ltr'><strong>vanis</strong></span> <span class='ocrx_word' id='word_1_198' title='bbox 1301 2487 1400 2564; x_wconf 91' lang='lat' dir='ltr'><strong>expli-</strong></span> 
     </span>
     <span class='ocr_line' id='line_1_22' title="bbox 269 2588 1398 2671; baseline 0.002 -23"><span class='ocrx_word' id='word_1_199' title='bbox 269 2588 435 2650; x_wconf 91' lang='lat' dir='ltr'><strong>cationibus</strong></span> <span class='ocrx_word' id='word_1_200' title='bbox 458 2589 504 2650; x_wconf 90' lang='lat' dir='ltr'><strong>vel</strong></span> <span class='ocrx_word' id='word_1_201' title='bbox 527 2591 625 2668; x_wconf 86' lang='lat' dir='ltr'><strong>potius</strong></span> <span class='ocrx_word' id='word_1_202' title='bbox 648 2592 899 2670; x_wconf 84' lang='lat' dir='ltr'><strong>implicationibus</strong></span> <span class='ocrx_word' id='word_1_203' title='bbox 921 2592 1110 2670; x_wconf 82' lang='lat' dir='ltr'><strong>praepedita3</strong></span> <span class='ocrx_word' id='word_1_204' title='bbox 1140 2609 1226 2671; x_wconf 85' lang='lat' dir='ltr'><strong>quam</strong></span> <span class='ocrx_word' id='word_1_205' title='bbox 1254 2599 1300 2650; x_wconf 89' lang='lat' dir='ltr'><strong>est</strong></span> <span class='ocrx_word' id='word_1_206' title='bbox 1328 2609 1398 2670; x_wconf 85' lang='lat' dir='ltr'><strong>pro-</strong></span> 
     </span>
     <span class='ocr_line' id='line_1_23' title="bbox 270 2689 1399 2770; baseline 0.001 -19"><span class='ocrx_word' id='word_1_207' title='bbox 270 2698 404 2751; x_wconf 90' lang='lat' dir='ltr'><strong>secutum</strong></span> <span class='ocrx_word' id='word_1_208' title='bbox 431 2689 566 2751; x_wconf 88' lang='lat' dir='ltr'><strong>insolens</strong></span> <span class='ocrx_word' id='word_1_209' title='bbox 597 2691 689 2752; x_wconf 87' lang='lat' dir='ltr'><strong>Grotii</strong></span> <span class='ocrx_word' id='word_1_210' title='bbox 718 2691 871 2768; x_wconf 83' lang='lat' dir='ltr'><strong>ingenium</strong></span> <span class='ocrx_word' id='word_1_211' title='bbox 907 2702 935 2752; x_wconf 92' lang='lat' dir='ltr'><strong>et</strong></span> <span class='ocrx_word' id='word_1_212' title='bbox 967 2692 1091 2752; x_wconf 88' lang='lat' dir='ltr'><strong>scientia</strong></span> <span class='ocrx_word' id='word_1_213' title='bbox 1122 2691 1229 2770; x_wconf 87' lang='lat' dir='ltr'><strong>quibus</strong></span> <span class='ocrx_word' id='word_1_214' title='bbox 1259 2693 1399 2770; x_wconf 81' lang='lat' dir='ltr'><strong>exegesis</strong></span> 
     </span>
     <span class='ocr_line' id='line_1_24' title="bbox 268 2791 1397 2872; baseline 0.004 -22"><span class='ocrx_word' id='word_1_215' title='bbox 268 2791 458 2868; x_wconf 88' lang='lat' dir='ltr'><strong>grammatice</strong></span> <span class='ocrx_word' id='word_1_216' title='bbox 487 2791 648 2856; x_wconf 75' lang='lat' dir='ltr'><strong>historicae</strong></span> <span class='ocrx_word' id='word_1_217' title='bbox 679 2811 802 2871; x_wconf 88' lang='lat' dir='ltr'><strong>magnus</strong></span> <span class='ocrx_word' id='word_1_218' title='bbox 832 2801 965 2855; x_wconf 86' lang='lat' dir='ltr'><strong>assertor</strong></span> <span class='ocrx_word' id='word_1_219' title='bbox 994 2793 1104 2867; x_wconf 87' lang='lat' dir='ltr'><strong>extitit;</strong></span> <span class='ocrx_word' id='word_1_220' title='bbox 1136 2811 1222 2872; x_wconf 87' lang='lat' dir='ltr'><strong>quarn</strong></span> <span class='ocrx_word' id='word_1_221' title='bbox 1249 2791 1397 2856; x_wconf 86' lang='lat' dir='ltr'><strong>Wetsteni</strong></span> 
     </span>
    </p>
   </div>
   <div class='ocr_carea' id='block_1_3' title="bbox 170 2893 1397 2976">
    <p class='ocr_par' dir='ltr' id='par_1_4' title="bbox 170 2893 1397 2976">
     <span class='ocr_line' id='line_1_25' title="bbox 170 2893 1397 2976; baseline 0.003 -22"><span class='ocrx_word' id='word_1_222' title='bbox 170 2922 173 2929; x_wconf 93' lang='lat'>·</span> <span class='ocrx_word' id='word_1_223' title='bbox 268 2893 347 2954; x_wconf 84' lang='lat' dir='ltr'><strong>varia</strong></span> <span class='ocrx_word' id='word_1_224' title='bbox 371 2893 502 2954; x_wconf 79' lang='lat' dir='ltr'><strong>doctrina</strong></span> <span class='ocrx_word' id='word_1_225' title='bbox 531 2895 747 2973; x_wconf 85' lang='lat' dir='ltr'><strong>quodammodo</strong></span> <span class='ocrx_word' id='word_1_226' title='bbox 774 2896 971 2970; x_wconf 58' lang='lat' dir='ltr'><strong>confirmavit}</strong></span> <span class='ocrx_word' id='word_1_227' title='bbox 1003 2897 1109 2976; x_wconf 87' lang='lat' dir='ltr'><strong>quibus</strong></span> <span class='ocrx_word' id='word_1_228' title='bbox 1136 2904 1204 2974; x_wconf 91' lang='lat' dir='ltr'><strong>post</strong></span> <span class='ocrx_word' id='word_1_229' title='bbox 1225 2895 1397 2958; x_wconf 88' lang='lat' dir='ltr'><strong>Harenber·</strong></span> 
     </span>
    </p>
   </div>
   <div class='ocr_carea' id='block_1_4' title="bbox 268 2998 1404 4501">
    <p class='ocr_par' dir='ltr' id='par_1_5' title="bbox 268 2998 1404 4501">
     <span class='ocr_line' id='line_1_26' title="bbox 269 2998 1399 3079; baseline 0 -19"><span class='ocrx_word' id='word_1_230' title='bbox 269 3017 338 3076; x_wconf 86' lang='lat' dir='ltr'><strong>gum</strong></span> <span class='ocrx_word' id='word_1_231' title='bbox 361 2999 494 3079; x_wconf 89' lang='lat' dir='ltr'><strong>aliosque</strong></span> <span class='ocrx_word' id='word_1_232' title='bbox 517 3001 645 3060; x_wconf 87' lang='lat' dir='ltr'><strong>accessit</strong></span> <span class='ocrx_word' id='word_1_233' title='bbox 667 3017 738 3076; x_wconf 88' lang='lat' dir='ltr'><strong>prae</strong></span> <span class='ocrx_word' id='word_1_234' title='bbox 765 3001 874 3061; x_wconf 88' lang='lat' dir='ltr'><strong>ceteris</strong></span> <span class='ocrx_word' id='word_1_235' title='bbox 903 2999 1142 3076; x_wconf 86' lang='lat' dir='ltr'><strong>elegantissimus</strong></span> <span class='ocrx_word' id='word_1_236' title='bbox 1164 2998 1260 3077; x_wconf 91' lang='lat' dir='ltr'><strong>pulcri</strong></span> <span class='ocrx_word' id='word_1_237' title='bbox 1286 3017 1399 3060; x_wconf 91' lang='lat' dir='ltr'><strong>seusus</strong></span> 
     </span>
     <span class='ocr_line' id='line_1_27' title="bbox 269 3099 1400 3179; baseline -0.004 -15"><span class='ocrx_word' id='word_1_238' title='bbox 269 3103 469 3164; x_wconf 90' lang='lat' dir='ltr'><strong>Herderianus</strong></span> <span class='ocrx_word' id='word_1_239' title='bbox 498 3103 529 3160; x_wconf 91' lang='lat' dir='ltr'><strong>in</strong></span> <span class='ocrx_word' id='word_1_240' title='bbox 559 3101 718 3159; x_wconf 89' lang='lat' dir='ltr'><strong>multarum</strong></span> <span class='ocrx_word' id='word_1_241' title='bbox 747 3101 877 3175; x_wconf 75' lang='lat' dir='ltr'><strong>genitium</strong></span> <span class='ocrx_word' id='word_1_242' title='bbox 912 3099 999 3178; x_wconf 87' lang='lat' dir='ltr'><strong>poesi</strong></span> <span class='ocrx_word' id='word_1_243' title='bbox 1032 3117 1175 3179; x_wconf 86' lang='lat' dir='ltr'><strong>perquam</strong></span> <span class='ocrx_word' id='word_1_244' title='bbox 1208 3099 1400 3160; x_wconf 88' lang='lat' dir='ltr'><strong>exercitatus.</strong></span> 
     </span>
     <span class='ocr_line' id='line_1_28' title="bbox 270 3195 1402 3278; baseline -0.003 -13"><span class='ocrx_word' id='word_1_245' title='bbox 270 3205 347 3265; x_wconf 90' lang='lat' dir='ltr'><strong>Satis</strong></span> <span class='ocrx_word' id='word_1_246' title='bbox 371 3209 417 3261; x_wconf 88' lang='lat' dir='ltr'><strong>est</strong></span> <span class='ocrx_word' id='word_1_247' title='bbox 437 3199 606 3259; x_wconf 87' lang='lat' dir='ltr'><strong>nominasse</strong></span> <span class='ocrx_word' id='word_1_248' title='bbox 628 3195 790 3275; x_wconf 87' lang='lat' dir='ltr'><strong>principes.</strong></span> <span class='ocrx_word' id='word_1_249' title='bbox 835 3199 988 3263; x_wconf 85' lang='lat' dir='ltr'><strong>Rationem</strong></span> <span class='ocrx_word' id='word_1_250' title='bbox 1012 3200 1102 3278; x_wconf 88' lang='lat' dir='ltr'><strong>igitur</strong></span> <span class='ocrx_word' id='word_1_251' title='bbox 1121 3199 1201 3261; x_wconf 91' lang='lat' dir='ltr'><strong>illam</strong></span> <span class='ocrx_word' id='word_1_252' title='bbox 1224 3218 1283 3260; x_wconf 91' lang='lat' dir='ltr'><strong>non</strong></span> <span class='ocrx_word' id='word_1_253' title='bbox 1306 3218 1402 3278; x_wconf 88' lang='lat' dir='ltr'><strong>posse</strong></span> 
     </span>
     <span class='ocr_line' id='line_1_29' title="bbox 270 3297 1400 3380; baseline 0 -16"><span class='ocrx_word' id='word_1_254' title='bbox 270 3321 338 3364; x_wconf 89' lang='lat' dir='ltr'><strong>esse</strong></span> <span class='ocrx_word' id='word_1_255' title='bbox 366 3299 503 3377; x_wconf 84' lang='lat' dir='ltr'><strong>frigidam</strong></span> <span class='ocrx_word' id='word_1_256' title='bbox 533 3305 622 3358; x_wconf 91' lang='lat' dir='ltr'><strong>totam</strong></span> <span class='ocrx_word' id='word_1_257' title='bbox 653 3297 875 3380; x_wconf 88' lang='lat' dir='ltr'><strong>insipidamque</strong></span> <span class='ocrx_word' id='word_1_258' title='bbox 905 3303 1106 3374; x_wconf 85' lang='lat' dir='ltr'><strong>confidentes,</strong></span> <span class='ocrx_word' id='word_1_259' title='bbox 1145 3310 1295 3363; x_wconf 90' lang='lat' dir='ltr'><strong>certamen</strong></span> <span class='ocrx_word' id='word_1_260' title='bbox 1331 3323 1400 3366; x_wconf 88' lang='lat' dir='ltr'><strong>curn</strong></span> 
     </span>
     <span class='ocr_line' id='line_1_30' title="bbox 268 3397 1400 3479; baseline 0.004 -17"><span class='ocrx_word' id='word_1_261' title='bbox 268 3398 504 3462; x_wconf 86' lang='lat' dir='ltr'><strong>adversariorum</strong></span> <span class='ocrx_word' id='word_1_262' title='bbox 528 3397 724 3478; x_wconf 88' lang='lat' dir='ltr'><strong>interpretum</strong></span> <span class='ocrx_word' id='word_1_263' title='bbox 747 3399 831 3462; x_wconf 88' lang='lat' dir='ltr'><strong>turba</strong></span> <span class='ocrx_word' id='word_1_264' title='bbox 846 3401 1048 3479; x_wconf 89' lang='lat' dir='ltr'><strong>temptandum</strong></span> <span class='ocrx_word' id='word_1_265' title='bbox 1070 3403 1284 3464; x_wconf 84' lang='lat' dir='ltr'><strong>conduximus</strong></span> <span class='ocrx_word' id='word_1_266' title='bbox 1306 3405 1400 3466; x_wconf 90' lang='lat' dir='ltr'><strong>nimis</strong></span> 
     </span>
     <span class='ocr_line' id='line_1_31' title="bbox 268 3485 1401 3585; baseline 0.004 -21"><span class='ocrx_word' id='word_1_267' title='bbox 268 3485 469 3566; x_wconf 82' lang='lat' dir='ltr'><strong>temerarium.</strong></span> <span class='ocrx_word' id='word_1_268' title='bbox 507 3501 614 3582; x_wconf 57' lang='lat' dir='ltr'><strong>‘ltaque</strong></span> <span class='ocrx_word' id='word_1_269' title='bbox 635 3503 759 3565; x_wconf 90' lang='lat' dir='ltr'><strong>minime</strong></span> <span class='ocrx_word' id='word_1_270' title='bbox 781 3503 885 3578; x_wconf 84' lang='lat' dir='ltr'><strong>nobis,</strong></span> <span class='ocrx_word' id='word_1_271' title='bbox 910 3512 941 3565; x_wconf 90' lang='lat' dir='ltr'><strong>ut</strong></span> <span class='ocrx_word' id='word_1_272' title='bbox 962 3505 1088 3576; x_wconf 89' lang='lat' dir='ltr'><strong>assolet,</strong></span> <span class='ocrx_word' id='word_1_273' title='bbox 1118 3505 1247 3566; x_wconf 91' lang='lat' dir='ltr'><strong>inaudita</strong></span> <span class='ocrx_word' id='word_1_274' title='bbox 1272 3509 1401 3585; x_wconf 86' lang='lat' dir='ltr'><strong>quadam</strong></span> 
     </span>
     <span class='ocr_line' id='line_1_32' title="bbox 269 3605 1403 3684; baseline 0.002 -18"><span class='ocrx_word' id='word_1_275' title='bbox 269 3625 303 3666; x_wconf 88' lang='lat' dir='ltr'><strong>ec</strong></span> <span class='ocrx_word' id='word_1_276' title='bbox 325 3623 449 3683; x_wconf 89' lang='lat' dir='ltr'><strong>prorsus</strong></span> <span class='ocrx_word' id='word_1_277' title='bbox 473 3623 547 3666; x_wconf 91' lang='lat' dir='ltr'><strong>nova</strong></span> <span class='ocrx_word' id='word_1_278' title='bbox 569 3606 685 3666; x_wconf 90' lang='lat' dir='ltr'><strong>ratione</strong></span> <span class='ocrx_word' id='word_1_279' title='bbox 708 3606 788 3666; x_wconf 93' lang='lat' dir='ltr'><strong>hunc</strong></span> <span class='ocrx_word' id='word_1_280' title='bbox 810 3605 943 3667; x_wconf 87' lang='lat' dir='ltr'><strong>codicem</strong></span> <span class='ocrx_word' id='word_1_281' title='bbox 966 3605 1212 3668; x_wconf 86' lang='lat' dir='ltr'><strong>obscurissimum</strong></span> <span class='ocrx_word' id='word_1_282' title='bbox 1234 3606 1324 3684; x_wconf 86' lang='lat' dir='ltr'><strong>primi</strong></span> <span class='ocrx_word' id='word_1_283' title='bbox 1357 3609 1403 3669; x_wconf 90' lang='lat' dir='ltr'><strong>vi-</strong></span> 
     </span>
     <span class='ocr_line' id='line_1_33' title="bbox 270 3706 1402 3787; baseline 0.004 -19"><span class='ocrx_word' id='word_1_284' title='bbox 270 3707 374 3770; x_wconf 91' lang='lat' dir='ltr'><strong>demur</strong></span> <span class='ocrx_word' id='word_1_285' title='bbox 396 3725 430 3767; x_wconf 91' lang='lat' dir='ltr'><strong>ac</strong></span> <span class='ocrx_word' id='word_1_286' title='bbox 452 3707 569 3786; x_wconf 85' lang='lat' dir='ltr'><strong>penitus</strong></span> <span class='ocrx_word' id='word_1_287' title='bbox 599 3706 777 3780; x_wconf 84' lang='lat' dir='ltr'><strong>reclusisse;</strong></span> <span class='ocrx_word' id='word_1_288' title='bbox 810 3725 913 3768; x_wconf 91' lang='lat' dir='ltr'><strong>verum</strong></span> <span class='ocrx_word' id='word_1_289' title='bbox 937 3707 1016 3767; x_wconf 90' lang='lat' dir='ltr'><strong>enim</strong></span> <span class='ocrx_word' id='word_1_290' title='bbox 1042 3725 1113 3768; x_wconf 83' lang='lat' dir='ltr'><strong>vero</strong></span> <span class='ocrx_word' id='word_1_291' title='bbox 1140 3727 1216 3787; x_wconf 86' lang='lat' dir='ltr'><strong>quae</strong></span> <span class='ocrx_word' id='word_1_292' title='bbox 1246 3707 1402 3772; x_wconf 88' lang='lat' dir='ltr'><strong>duduma</strong></span> 
     </span>
     <span class='ocr_line' id='line_1_34' title="bbox 269 3807 1404 3888; baseline 0 -16"><span class='ocrx_word' id='word_1_293' title='bbox 269 3810 343 3872; x_wconf 85' lang='lat' dir='ltr'><strong>viris</strong></span> <span class='ocrx_word' id='word_1_294' title='bbox 367 3807 549 3870; x_wconf 84' lang='lat' dir='ltr'><strong>doctissimis</strong></span> <span class='ocrx_word' id='word_1_295' title='bbox 578 3816 694 3868; x_wconf 90' lang='lat' dir='ltr'><strong>enotata</strong></span> <span class='ocrx_word' id='word_1_296' title='bbox 722 3816 807 3870; x_wconf 92' lang='lat' dir='ltr'><strong>erant</strong></span> <span class='ocrx_word' id='word_1_297' title='bbox 834 3807 905 3870; x_wconf 89' lang='lat' dir='ltr'><strong>licet</strong></span> <span class='ocrx_word' id='word_1_298' title='bbox 931 3825 986 3886; x_wconf 87' lang='lat' dir='ltr'><strong>per</strong></span> <span class='ocrx_word' id='word_1_299' title='bbox 1012 3825 1045 3869; x_wconf 92' lang='lat' dir='ltr'><strong>se</strong></span> <span class='ocrx_word' id='word_1_300' title='bbox 1071 3825 1131 3868; x_wconf 93' lang='lat' dir='ltr'><strong>non</strong></span> <span class='ocrx_word' id='word_1_301' title='bbox 1153 3816 1275 3886; x_wconf 88' lang='lat' dir='ltr'><strong>egerent</strong></span> <span class='ocrx_word' id='word_1_302' title='bbox 1297 3818 1404 3888; x_wconf 88' lang='lat' dir='ltr'><strong>patro·</strong></span> 
     </span>
     <span class='ocr_line' id='line_1_35' title="bbox 271 3909 1402 3988; baseline -0.004 -11"><span class='ocrx_word' id='word_1_303' title='bbox 271 3915 350 3977; x_wconf 90' lang='lat' dir='ltr'><strong>cinio</strong></span> <span class='ocrx_word' id='word_1_304' title='bbox 373 3921 495 3986; x_wconf 89' lang='lat' dir='ltr'><strong>nostro,</strong></span> <span class='ocrx_word' id='word_1_305' title='bbox 525 3920 712 3974; x_wconf 89' lang='lat' dir='ltr'><strong>tamencum</strong></span> <span class='ocrx_word' id='word_1_306' title='bbox 736 3911 846 3972; x_wconf 90' lang='lat' dir='ltr'><strong>iniuste</strong></span> <span class='ocrx_word' id='word_1_307' title='bbox 867 3910 977 3972; x_wconf 86' lang='lat' dir='ltr'><strong>reiecta</strong></span> <span class='ocrx_word' id='word_1_308' title='bbox 1005 3909 1137 3972; x_wconf 87' lang='lat' dir='ltr'><strong>iacerent</strong></span> <span class='ocrx_word' id='word_1_309' title='bbox 1159 3910 1402 3988; x_wconf 87' lang='lat' dir='ltr'><strong>deprompsimus</strong></span> 
     </span>
     <span class='ocr_line' id='line_1_36' title="bbox 269 4009 1402 4097; baseline -0.005 -19"><span class='ocrx_word' id='word_1_310' title='bbox 269 4026 304 4080; x_wconf 92' lang='lat' dir='ltr'><strong>ut</strong></span> <span class='ocrx_word' id='word_1_311' title='bbox 325 4015 420 4097; x_wconf 90' lang='lat' dir='ltr'><strong>quoad</strong></span> <span class='ocrx_word' id='word_1_312' title='bbox 444 4016 509 4076; x_wconf 89' lang='lat' dir='ltr'><strong>eius</strong></span> <span class='ocrx_word' id='word_1_313' title='bbox 532 4015 597 4076; x_wconf 86' lang='lat' dir='ltr'><strong>fieri</strong></span> <span class='ocrx_word' id='word_1_314' title='bbox 619 4021 723 4093; x_wconf 89' lang='lat' dir='ltr'><strong>posset</strong></span> <span class='ocrx_word' id='word_1_315' title='bbox 745 4013 1003 4074; x_wconf 81' lang='lat' dir='ltr'><strong>detensinremus.</strong></span> <span class='ocrx_word' id='word_1_316' title='bbox 1044 4011 1155 4073; x_wconf 85' lang='lat' dir='ltr'><strong>lesuite</strong></span> <span class='ocrx_word' id='word_1_317' title='bbox 1178 4029 1249 4072; x_wconf 85' lang='lat' dir='ltr'><strong>vero</strong></span> <span class='ocrx_word' id='word_1_318' title='bbox 1272 4009 1325 4071; x_wconf 90' lang='lat' dir='ltr'><strong>ille</strong></span> <span class='ocrx_word' id='word_1_319' title='bbox 1348 4012 1402 4091; x_wconf 91' lang='lat' dir='ltr'><strong>qui</strong></span> 
     </span>
     <span class='ocr_line' id='line_1_37' title="bbox 269 4112 1403 4197; baseline -0.001 -19"><span class='ocrx_word' id='word_1_320' title='bbox 269 4118 383 4197; x_wconf 90' lang='lat' dir='ltr'><strong>primus</strong></span> <span class='ocrx_word' id='word_1_321' title='bbox 412 4115 634 4195; x_wconf 85' lang='lat' dir='ltr'><strong>explicationem</strong></span> <span class='ocrx_word' id='word_1_322' title='bbox 665 4115 702 4175; x_wconf 93' lang='lat' dir='ltr'><strong>ad</strong></span> <span class='ocrx_word' id='word_1_323' title='bbox 729 4121 840 4176; x_wconf 87' lang='lat' dir='ltr'><strong>rectam</strong></span> <span class='ocrx_word' id='word_1_324' title='bbox 871 4131 1004 4177; x_wconf 89' lang='lat' dir='ltr'><strong>normam</strong></span> <span class='ocrx_word' id='word_1_325' title='bbox 1033 4112 1200 4186; x_wconf 84' lang='lat' dir='ltr'><strong>revocavit,</strong></span> <span class='ocrx_word' id='word_1_326' title='bbox 1231 4115 1403 4176; x_wconf 87' lang='lat' dir='ltr'><strong>accuratius</strong></span> 
     </span>
     <span class='ocr_line' id='line_1_38' title="bbox 269 4207 1402 4298; baseline 0.001 -20"><span class='ocrx_word' id='word_1_327' title='bbox 269 4216 320 4278; x_wconf 92' lang='lat' dir='ltr'><strong>ubi</strong></span> <span class='ocrx_word' id='word_1_328' title='bbox 344 4207 481 4290; x_wconf 51' lang='lat' dir='ltr'><strong>iuvabat,¹</strong></span> <span class='ocrx_word' id='word_1_329' title='bbox 504 4235 570 4278; x_wconf 89' lang='lat' dir='ltr'><strong>cum</strong></span> <span class='ocrx_word' id='word_1_330' title='bbox 593 4217 771 4298; x_wconf 89' lang='lat' dir='ltr'><strong>praesertim</strong></span> <span class='ocrx_word' id='word_1_331' title='bbox 797 4217 874 4278; x_wconf 88' lang='lat' dir='ltr'><strong>liber</strong></span> <span class='ocrx_word' id='word_1_332' title='bbox 897 4218 962 4280; x_wconf 86' lang='lat' dir='ltr'><strong>eius</strong></span> <span class='ocrx_word' id='word_1_333' title='bbox 986 4225 1083 4278; x_wconf 86' lang='lat' dir='ltr'><strong>tantae</strong></span> <span class='ocrx_word' id='word_1_334' title='bbox 1113 4215 1202 4278; x_wconf 88' lang='lat' dir='ltr'><strong>molis</strong></span> <span class='ocrx_word' id='word_1_335' title='bbox 1231 4215 1271 4276; x_wconf 91' lang='lat' dir='ltr'><strong>sit</strong></span> <span class='ocrx_word' id='word_1_336' title='bbox 1292 4224 1326 4278; x_wconf 86' lang='lat' dir='ltr'><strong>at</strong></span> <span class='ocrx_word' id='word_1_337' title='bbox 1349 4236 1402 4278; x_wconf 89' lang='lat' dir='ltr'><strong>ex·</strong></span> 
     </span>
     <span class='ocr_line' id='line_1_39' title="bbox 269 4315 1402 4396; baseline 0.002 -18"><span class='ocrx_word' id='word_1_338' title='bbox 269 4315 403 4395; x_wconf 89' lang='lat' dir='ltr'><strong>peditum</strong></span> <span class='ocrx_word' id='word_1_339' title='bbox 432 4325 624 4396; x_wconf 89' lang='lat' dir='ltr'><strong>conspectum</strong></span> <span class='ocrx_word' id='word_1_340' title='bbox 652 4334 712 4378; x_wconf 92' lang='lat' dir='ltr'><strong>non</strong></span> <span class='ocrx_word' id='word_1_341' title='bbox 739 4316 897 4396; x_wconf 87' lang='lat' dir='ltr'><strong>praebeat,</strong></span> <span class='ocrx_word' id='word_1_342' title='bbox 935 4316 1100 4379; x_wconf 89' lang='lat' dir='ltr'><strong>audiendus</strong></span> <span class='ocrx_word' id='word_1_343' title='bbox 1134 4334 1202 4378; x_wconf 90' lang='lat' dir='ltr'><strong>esse</strong></span> <span class='ocrx_word' id='word_1_344' title='bbox 1230 4315 1313 4378; x_wconf 86' lang='lat' dir='ltr'><strong>visus</strong></span> <span class='ocrx_word' id='word_1_345' title='bbox 1344 4326 1402 4380; x_wconf 85' lang='lat' dir='ltr'><strong>est</strong></span> 
     </span>
     <span class='ocr_line' id='line_1_40' title="bbox 269 4415 1402 4501; baseline 0.005 -25"><span class='ocrx_word' id='word_1_346' title='bbox 269 4415 306 4477; x_wconf 83' lang='lat' dir='ltr'><strong>Et</strong></span> <span class='ocrx_word' id='word_1_347' title='bbox 329 4433 364 4476; x_wconf 89' lang='lat' dir='ltr'><strong>ex</strong></span> <span class='ocrx_word' id='word_1_348' title='bbox 385 4415 441 4478; x_wconf 92' lang='lat' dir='ltr'><strong>hoc</strong></span> <span class='ocrx_word' id='word_1_349' title='bbox 463 4425 492 4478; x_wconf 90' lang='lat' dir='ltr'><strong>et</strong></span> <span class='ocrx_word' id='word_1_350' title='bbox 521 4435 556 4489; x_wconf 88' lang='lat' dir='ltr'><strong>ex</strong></span> <span class='ocrx_word' id='word_1_351' title='bbox 581 4418 690 4488; x_wconf 83' lang='lat' dir='ltr'><strong>ceteris</strong></span> <span class='ocrx_word' id='word_1_352' title='bbox 717 4417 780 4490; x_wconf 70' lang='lat' dir='ltr'><strong>rillis</strong></span> <span class='ocrx_word' id='word_1_353' title='bbox 806 4437 882 4501; x_wconf 86' lang='lat' dir='ltr'><strong>quos</strong></span> <span class='ocrx_word' id='word_1_354' title='bbox 905 4419 993 4481; x_wconf 89' lang='lat' dir='ltr'><strong>modo</strong></span> <span class='ocrx_word' id='word_1_355' title='bbox 1022 4417 1266 4492; x_wconf 83' lang='lat' dir='ltr'><strong>memoravimus,</strong></span> <span class='ocrx_word' id='word_1_356' title='bbox 1297 4419 1402 4482; x_wconf 88' lang='lat' dir='ltr'><strong>attuli-</strong></span> 
     </span>
    </p>
   </div>
   <div class='ocr_carea' id='block_1_5' title="bbox 0 0 1467 5054">
    <p class='ocr_par' dir='ltr' id='par_1_6' title="bbox 0 0 1467 5054">
     <span class='ocr_line' id='line_1_41' title="bbox 0 0 1467 5054; baseline 0 0"><span class='ocrx_word' id='word_1_357' title='bbox 0 0 1467 5054; x_wconf 95' lang='lat' dir='ltr'><strong> </strong></span> 
     </span>
    </p>
   </div>
  </div>
 </body>
</html>
