<?xml version="1.0" encoding="UTF-8"?>
<!DOCTYPE html PUBLIC "-//W3C//DTD XHTML 1.0 Transitional//EN"
    "http://www.w3.org/TR/xhtml1/DTD/xhtml1-transitional.dtd">
<html xmlns="http://www.w3.org/1999/xhtml" xml:lang="en" lang="en">
 <head>
  <title>
</title>
<meta http-equiv="Content-Type" content="text/html;charset=utf-8" />
  <meta name='ocr-system' content='tesseract 3.04.00' />
  <meta name='ocr-capabilities' content='ocr_page ocr_carea ocr_par ocr_line ocrx_word'/>
</head>
<body>
  <div class='ocr_page' id='page_1' title='image "./deapocalypsijoa00boehgoog_0039.png"; bbox 0 0 2900 5054; ppageno 0'>
   <div class='ocr_carea' id='block_1_1' title="bbox 810 357 853 426">
    <p class='ocr_par' dir='ltr' id='par_1_1' title="bbox 810 357 853 426">
     <span class='ocr_line' id='line_1_1' title="bbox 810 357 853 426; baseline 0 0"><span class='ocrx_word' id='word_1_1' title='bbox 810 357 853 426; x_wconf 68' lang='grc' dir='ltr'><strong>θλ</strong></span> 
     </span>
    </p>
   </div>
   <div class='ocr_carea' id='block_1_2' title="bbox 264 526 1393 918">
    <p class='ocr_par' dir='ltr' id='par_1_2' title="bbox 264 526 1393 918">
     <span class='ocr_line' id='line_1_2' title="bbox 266 526 1392 614; baseline -0.001 -16"><span class='ocrx_word' id='word_1_2' title='bbox 266 535 309 598; x_wconf 77' lang='lat' dir='ltr'><strong>dl.</strong></span> <span class='ocrx_word' id='word_1_3' title='bbox 338 529 471 596; x_wconf 79' lang='lat' dir='ltr'><strong>lienoch.</strong></span> <span class='ocrx_word' id='word_1_4' title='bbox 501 527 619 601; x_wconf 83' lang='lat' dir='ltr'>XLVII,</span> <span class='ocrx_word' id='word_1_5' title='bbox 641 526 672 592; x_wconf 71' lang='grc'><strong>2.</strong></span> <span class='ocrx_word' id='word_1_6' title='bbox 726 529 787 592; x_wconf 82' lang='lat' dir='ltr'><strong>Sed</strong></span> <span class='ocrx_word' id='word_1_7' title='bbox 811 536 969 609; x_wconf 76' lang='lat' dir='ltr'><strong>expectare</strong></span> <span class='ocrx_word' id='word_1_8' title='bbox 994 528 1142 594; x_wconf 80' lang='lat' dir='ltr'><strong>iubentur.</strong></span> <span class='ocrx_word' id='word_1_9' title='bbox 1187 527 1392 614; x_wconf 70' lang='lat' dir='ltr'><strong>stantum,</strong></span> 
     </span>
     <span class='ocr_line' id='line_1_3' title="bbox 267 619 1393 715; baseline 0 -17"><span class='ocrx_word' id='word_1_10' title='bbox 267 619 340 698; x_wconf 84' lang='lat'>14:&#39;</span> <span class='ocrx_word' id='word_1_11' title='bbox 356 631 415 715; x_wconf 75' lang='grc' dir='ltr'><strong>ὀψὲ</strong></span> <span class='ocrx_word' id='word_1_12' title='bbox 437 633 521 696; x_wconf 75' lang='grc' dir='ltr'><strong><em>θεοῦ</em></strong></span> <span class='ocrx_word' id='word_1_13' title='bbox 541 629 635 710; x_wconf 78' lang='grc' dir='ltr'><strong><em>μυλσι</em></strong></span> <span class='ocrx_word' id='word_1_14' title='bbox 655 626 783 697; x_wconf 64' lang='lat' dir='ltr'><strong>&amp;idonea</strong></span> <span class='ocrx_word' id='word_1_15' title='bbox 809 627 844 693; x_wconf 89' lang='grc' dir='ltr'><strong>τδ</strong></span> <span class='ocrx_word' id='word_1_16' title='bbox 873 627 983 694; x_wconf 80' lang='grc' dir='ltr'><strong><em>λεατδν</em></strong></span> <span class='ocrx_word' id='word_1_17' title='bbox 1008 627 1147 712; x_wconf 71' lang='grc' dir='ltr'><strong><em>ἄλευρον.</em></strong></span> <span class='ocrx_word' id='word_1_18' title='bbox 1191 633 1276 696; x_wconf 81' lang='lat' dir='ltr'>Finis</span> <span class='ocrx_word' id='word_1_19' title='bbox 1306 635 1393 712; x_wconf 80' lang='lat' dir='ltr'><strong>igitur</strong></span> 
     </span>
     <span class='ocr_line' id='line_1_4' title="bbox 264 732 1392 812; baseline -0.003 -13"><span class='ocrx_word' id='word_1_20' title='bbox 264 737 394 800; x_wconf 86' lang='lat' dir='ltr'><strong>nondum</strong></span> <span class='ocrx_word' id='word_1_21' title='bbox 417 732 606 805; x_wconf 75' lang='lat' dir='ltr'><strong>decernitur,</strong></span> <span class='ocrx_word' id='word_1_22' title='bbox 629 742 658 794; x_wconf 95' lang='lat' dir='ltr'><strong>at</strong></span> <span class='ocrx_word' id='word_1_23' title='bbox 680 732 797 793; x_wconf 82' lang='lat' dir='ltr'><strong>Initium</strong></span> <span class='ocrx_word' id='word_1_24' title='bbox 821 732 908 807; x_wconf 81' lang='lat' dir='ltr'><strong>duis3</strong></span> <span class='ocrx_word' id='word_1_25' title='bbox 931 740 1018 812; x_wconf 87' lang='lat' dir='ltr'><strong>atque</strong></span> <span class='ocrx_word' id='word_1_26' title='bbox 1042 741 1207 812; x_wconf 71' lang='lat' dir='ltr'><strong>opportune</strong></span> <span class='ocrx_word' id='word_1_27' title='bbox 1227 743 1297 796; x_wconf 88' lang='lat' dir='ltr'><strong>aute</strong></span> <span class='ocrx_word' id='word_1_28' title='bbox 1317 735 1392 796; x_wconf 85' lang='lat' dir='ltr'><strong>hunc</strong></span> 
     </span>
     <span class='ocr_line' id='line_1_5' title="bbox 264 834 1391 918; baseline -0.003 -16"><span class='ocrx_word' id='word_1_29' title='bbox 264 846 362 902; x_wconf 85' lang='lat' dir='ltr'><strong>actum</strong></span> <span class='ocrx_word' id='word_1_30' title='bbox 383 834 655 914; x_wconf 69' lang='lat' dir='ltr'><strong>roces&#39;martyrum</strong></span> <span class='ocrx_word' id='word_1_31' title='bbox 674 835 724 916; x_wconf 88' lang='lat' dir='ltr'><strong>qui</strong></span> <span class='ocrx_word' id='word_1_32' title='bbox 749 835 819 896; x_wconf 87' lang='lat' dir='ltr'><strong>inde</strong></span> <span class='ocrx_word' id='word_1_33' title='bbox 842 855 858 896; x_wconf 90' lang='lat' dir='ltr'><strong>a</strong></span> <span class='ocrx_word' id='word_1_34' title='bbox 882 836 1015 898; x_wconf 87' lang='lat' dir='ltr'><strong>dominio</strong></span> <span class='ocrx_word' id='word_1_35' title='bbox 1039 837 1164 900; x_wconf 88' lang='lat' dir='ltr'><strong>secundi</strong></span> <span class='ocrx_word' id='word_1_36' title='bbox 1185 839 1297 918; x_wconf 85' lang='lat' dir='ltr'><strong>equitis</strong></span> <span class='ocrx_word' id='word_1_37' title='bbox 1314 857 1391 900; x_wconf 83' lang='lat' dir='ltr'><strong>mor-</strong></span> 
     </span>
    </p>
   </div>
   <div class='ocr_carea' id='block_1_3' title="bbox 149 937 1391 1021">
    <p class='ocr_par' dir='ltr' id='par_1_3' title="bbox 149 937 1391 1021">
     <span class='ocr_line' id='line_1_6' title="bbox 149 937 1391 1021; baseline 0.003 -23"><span class='ocrx_word' id='word_1_38' title='bbox 149 985 155 998; x_wconf 93' lang='lat'><strong><em>.</em></strong></span> <span class='ocrx_word' id='word_1_39' title='bbox 264 953 323 1006; x_wconf 90' lang='lat' dir='ltr'><strong>tem</strong></span> <span class='ocrx_word' id='word_1_40' title='bbox 343 939 480 1021; x_wconf 81' lang='lat' dir='ltr'>perpessi</span> <span class='ocrx_word' id='word_1_41' title='bbox 508 946 578 1000; x_wconf 88' lang='lat' dir='ltr'><strong>suut</strong></span> <span class='ocrx_word' id='word_1_42' title='bbox 600 937 781 1017; x_wconf 88' lang='lat' dir='ltr'><strong>(Stephanus</strong></span> <span class='ocrx_word' id='word_1_43' title='bbox 808 957 885 1000; x_wconf 89' lang='lat' dir='ltr'><strong>anno</strong></span> <span class='ocrx_word' id='word_1_44' title='bbox 915 937 956 998; x_wconf 85' lang='grc'><strong>39</strong></span> <span class='ocrx_word' id='word_1_45' title='bbox 983 947 1033 1000; x_wconf 89' lang='lat' dir='ltr'><strong>ant</strong></span> <span class='ocrx_word' id='word_1_46' title='bbox 1061 937 1120 1013; x_wconf 76' lang='lat' dir='ltr'><strong>dd,</strong></span> <span class='ocrx_word' id='word_1_47' title='bbox 1150 937 1274 1002; x_wconf 79' lang='lat' dir='ltr'><strong>Ioannis</strong></span> <span class='ocrx_word' id='word_1_48' title='bbox 1305 941 1391 1002; x_wconf 83' lang='lat' dir='ltr'><strong>frater</strong></span> 
     </span>
    </p>
   </div>
   <div class='ocr_carea' id='block_1_4' title="bbox 263 1037 1392 1121">
    <p class='ocr_par' dir='ltr' id='par_1_4' title="bbox 263 1037 1392 1121">
     <span class='ocr_line' id='line_1_7' title="bbox 263 1037 1392 1121; baseline -0.002 -15"><span class='ocrx_word' id='word_1_49' title='bbox 263 1059 342 1106; x_wconf 83' lang='lat' dir='ltr'><strong>anno</strong></span> <span class='ocrx_word' id='word_1_50' title='bbox 365 1041 425 1118; x_wconf 79' lang='lat'><strong>44,</strong></span> <span class='ocrx_word' id='word_1_51' title='bbox 452 1039 582 1102; x_wconf 78' lang='lat' dir='ltr'><strong>lacobus</strong></span> <span class='ocrx_word' id='word_1_52' title='bbox 604 1039 700 1101; x_wconf 85' lang='lat' dir='ltr'><strong>iustus</strong></span> <span class='ocrx_word' id='word_1_53' title='bbox 722 1059 800 1102; x_wconf 91' lang='lat' dir='ltr'><strong>anno</strong></span> <span class='ocrx_word' id='word_1_54' title='bbox 823 1037 878 1118; x_wconf 78' lang='lat'><strong>62)</strong></span> <span class='ocrx_word' id='word_1_55' title='bbox 909 1041 1069 1102; x_wconf 78' lang='lat' dir='ltr'><strong>undictam</strong></span> <span class='ocrx_word' id='word_1_56' title='bbox 1098 1049 1295 1121; x_wconf 72' lang='lat' dir='ltr'><strong>exposcentes</strong></span> <span class='ocrx_word' id='word_1_57' title='bbox 1323 1063 1392 1104; x_wconf 72' lang='lat' dir='ltr'><strong>eon«</strong></span> 
     </span>
    </p>
   </div>
   <div class='ocr_carea' id='block_1_5' title="bbox 143 1152 433 1226">
    <p class='ocr_par' dir='ltr' id='par_1_5' title="bbox 143 1152 433 1226">
     <span class='ocr_line' id='line_1_8' title="bbox 143 1152 433 1226; baseline 0 -22"><span class='ocrx_word' id='word_1_58' title='bbox 143 1184 152 1204; x_wconf 82' lang='grc'><strong>.</strong></span> <span class='ocrx_word' id='word_1_59' title='bbox 265 1152 433 1226; x_wconf 78' lang='lat' dir='ltr'><strong>gregantur.</strong></span> 
     </span>
    </p>
   </div>
   <div class='ocr_carea' id='block_1_6' title="bbox 261 1241 1392 1836">
    <p class='ocr_par' dir='ltr' id='par_1_6' title="bbox 261 1241 1392 1836">
     <span class='ocr_line' id='line_1_9' title="bbox 364 1241 1391 1322; baseline 0.005 -19"><span class='ocrx_word' id='word_1_60' title='bbox 364 1245 406 1304; x_wconf 83' lang='lat' dir='ltr'><strong>lle</strong></span> <span class='ocrx_word' id='word_1_61' title='bbox 428 1243 466 1304; x_wconf 86' lang='lat' dir='ltr'><strong>iis</strong></span> <span class='ocrx_word' id='word_1_62' title='bbox 490 1261 545 1322; x_wconf 88' lang='lat' dir='ltr'><strong>qua</strong></span> <span class='ocrx_word' id='word_1_63' title='bbox 569 1241 626 1303; x_wconf 89' lang='lat' dir='ltr'><strong>iam</strong></span> <span class='ocrx_word' id='word_1_64' title='bbox 649 1249 793 1320; x_wconf 86' lang='lat' dir='ltr'><strong>apparent</strong></span> <span class='ocrx_word' id='word_1_65' title='bbox 813 1241 963 1320; x_wconf 79' lang='lat' dir='ltr'><strong>resignato</strong></span> <span class='ocrx_word' id='word_1_66' title='bbox 984 1242 1083 1322; x_wconf 83' lang='lat' dir='ltr'><strong>sigillo</strong></span> <span class='ocrx_word' id='word_1_67' title='bbox 1107 1252 1200 1319; x_wconf 84' lang='lat' dir='ltr'><strong>sexto,</strong></span> <span class='ocrx_word' id='word_1_68' title='bbox 1225 1245 1330 1308; x_wconf 80' lang='lat' dir='ltr'><strong>Aretes</strong></span> <span class='ocrx_word' id='word_1_69' title='bbox 1354 1247 1391 1308; x_wconf 88' lang='lat' dir='ltr'><strong>ait</strong></span> 
     </span>
     <span class='ocr_line' id='line_1_10' title="bbox 262 1341 1392 1432; baseline 0.007 -26"><span class='ocrx_word' id='word_1_70' title='bbox 262 1343 313 1428; x_wconf 81' lang='lat' dir='ltr'><strong>(ad</strong></span> <span class='ocrx_word' id='word_1_71' title='bbox 337 1365 364 1406; x_wconf 86' lang='lat' dir='ltr'><strong>u.</strong></span> <span class='ocrx_word' id='word_1_72' title='bbox 380 1341 450 1422; x_wconf 73' lang='lat' dir='ltr'><strong>tat:</strong></span> <span class='ocrx_word' id='word_1_73' title='bbox 477 1342 569 1417; x_wconf 77' lang='grc' dir='ltr'><strong><em>Τινὲς</em></strong></span> <span class='ocrx_word' id='word_1_74' title='bbox 590 1341 625 1406; x_wconf 82' lang='grc' dir='ltr'><strong>δὲ</strong></span> <span class='ocrx_word' id='word_1_75' title='bbox 647 1346 746 1409; x_wconf 81' lang='grc' dir='ltr'><strong><em>ταῦτα</em></strong></span> <span class='ocrx_word' id='word_1_76' title='bbox 767 1343 810 1418; x_wconf 81' lang='grc' dir='ltr'><strong><em>τίς</em></strong></span> <span class='ocrx_word' id='word_1_77' title='bbox 834 1342 887 1426; x_wconf 75' lang='grc' dir='ltr'><strong><em>τὴν</em></strong></span> <span class='ocrx_word' id='word_1_78' title='bbox 901 1341 964 1409; x_wconf 77' lang='grc' dir='ltr'><strong>ὑπὸ</strong></span> <span class='ocrx_word' id='word_1_79' title='bbox 981 1341 1216 1413; x_wconf 70' lang='grc' dir='ltr'><strong><em>Οὐεσπασιανοῦ</em></strong></span> <span class='ocrx_word' id='word_1_80' title='bbox 1231 1351 1392 1432; x_wconf 76' lang='grc' dir='ltr'><strong><em>γενομένη</em></strong></span> 
     </span>
     <span class='ocr_line' id='line_1_11' title="bbox 261 1437 1390 1532; baseline 0.002 -22"><span class='ocrx_word' id='word_1_81' title='bbox 261 1443 443 1529; x_wconf 75' lang='grc' dir='ltr'><strong><em>πολιορκίαν</em></strong></span> <span class='ocrx_word' id='word_1_82' title='bbox 466 1441 611 1526; x_wconf 73' lang='grc' dir='ltr'><strong><em>ἐξέλαβον</em></strong></span> <span class='ocrx_word' id='word_1_83' title='bbox 632 1437 735 1508; x_wconf 82' lang='grc' dir='ltr'><strong><em>πάντα</em></strong></span> <span class='ocrx_word' id='word_1_84' title='bbox 757 1439 793 1508; x_wconf 81' lang='grc' dir='ltr'><strong>τὰ</strong></span> <span class='ocrx_word' id='word_1_85' title='bbox 812 1446 953 1526; x_wconf 78' lang='grc' dir='ltr'><strong><em>εἰρημένα</em></strong></span> <span class='ocrx_word' id='word_1_86' title='bbox 967 1443 1252 1532; x_wconf 74' lang='grc' dir='ltr'><strong><em>τρυσολομήσαντες.</em></strong></span> <span class='ocrx_word' id='word_1_87' title='bbox 1298 1452 1390 1514; x_wconf 79' lang='lat' dir='ltr'><strong>Etiam</strong></span> 
     </span>
     <span class='ocr_line' id='line_1_12' title="bbox 263 1545 1390 1630; baseline 0.004 -20"><span class='ocrx_word' id='word_1_88' title='bbox 263 1550 299 1610; x_wconf 90' lang='lat' dir='ltr'><strong>ad</strong></span> <span class='ocrx_word' id='word_1_89' title='bbox 321 1569 349 1610; x_wconf 86' lang='grc' dir='ltr'><strong><em>ν.</em></strong></span> <span class='ocrx_word' id='word_1_90' title='bbox 368 1545 407 1610; x_wconf 81' lang='grc'><strong>15</strong></span> <span class='ocrx_word' id='word_1_91' title='bbox 437 1547 478 1610; x_wconf 91' lang='lat' dir='ltr'><strong>ibi</strong></span> <span class='ocrx_word' id='word_1_92' title='bbox 501 1548 622 1608; x_wconf 84' lang='lat' dir='ltr'><strong>affertur</strong></span> <span class='ocrx_word' id='word_1_93' title='bbox 651 1557 768 1626; x_wconf 87' lang='lat' dir='ltr'><strong>tempus</strong></span> <span class='ocrx_word' id='word_1_94' title='bbox 798 1548 857 1608; x_wconf 87' lang='lat' dir='ltr'><strong>Titi</strong></span> <span class='ocrx_word' id='word_1_95' title='bbox 884 1555 913 1608; x_wconf 88' lang='lat' dir='ltr'><strong>et</strong></span> <span class='ocrx_word' id='word_1_96' title='bbox 937 1547 1119 1627; x_wconf 81' lang='lat' dir='ltr'><strong>Vespasiani.</strong></span> <span class='ocrx_word' id='word_1_97' title='bbox 1166 1552 1210 1614; x_wconf 84' lang='lat' dir='ltr'><strong>Gl.</strong></span> <span class='ocrx_word' id='word_1_98' title='bbox 1233 1570 1326 1630; x_wconf 80' lang='lat' dir='ltr'><strong>porro</strong></span> <span class='ocrx_word' id='word_1_99' title='bbox 1349 1563 1390 1614; x_wconf 90' lang='lat' dir='ltr'><strong>to-</strong></span> 
     </span>
     <span class='ocr_line' id='line_1_13' title="bbox 263 1645 1390 1730; baseline -0.001 -15"><span class='ocrx_word' id='word_1_100' title='bbox 263 1664 325 1715; x_wconf 90' lang='lat' dir='ltr'><strong>tum</strong></span> <span class='ocrx_word' id='word_1_101' title='bbox 347 1650 483 1714; x_wconf 84' lang='lat' dir='ltr'><strong>scholion</strong></span> <span class='ocrx_word' id='word_1_102' title='bbox 511 1651 566 1712; x_wconf 89' lang='lat' dir='ltr'><strong>sub</strong></span> <span class='ocrx_word' id='word_1_103' title='bbox 591 1649 673 1711; x_wconf 90' lang='lat' dir='ltr'><strong>titulo</strong></span> <span class='ocrx_word' id='word_1_104' title='bbox 697 1645 810 1724; x_wconf 80' lang='grc' dir='ltr'><strong><em>’Ἁλλιος</em></strong></span> <span class='ocrx_word' id='word_1_105' title='bbox 843 1657 873 1712; x_wconf 91' lang='lat' dir='ltr'><strong>et</strong></span> <span class='ocrx_word' id='word_1_106' title='bbox 902 1649 1036 1712; x_wconf 86' lang='lat' dir='ltr'><strong>breviter</strong></span> <span class='ocrx_word' id='word_1_107' title='bbox 1064 1653 1141 1730; x_wconf 88' lang='lat' dir='ltr'><strong>apud</strong></span> <span class='ocrx_word' id='word_1_108' title='bbox 1161 1653 1390 1718; x_wconf 84' lang='lat' dir='ltr'><strong>Oecumenium:</strong></span> 
     </span>
     <span class='ocr_line' id='line_1_14' title="bbox 261 1745 1392 1836; baseline 0.001 -19"><span class='ocrx_word' id='word_1_109' title='bbox 261 1752 298 1820; x_wconf 91' lang='lat'><strong>‘0</strong></span> <span class='ocrx_word' id='word_1_110' title='bbox 319 1748 420 1835; x_wconf 78' lang='grc' dir='ltr'><strong><em>κύριος</em></strong></span> <span class='ocrx_word' id='word_1_111' title='bbox 441 1750 527 1836; x_wconf 79' lang='grc' dir='ltr'><strong><em>ἡμῶν</em></strong></span> <span class='ocrx_word' id='word_1_112' title='bbox 548 1760 614 1824; x_wconf 81' lang='grc' dir='ltr'><strong><em>τοῖς</em></strong></span> <span class='ocrx_word' id='word_1_113' title='bbox 638 1745 836 1823; x_wconf 78' lang='grc' dir='ltr'><strong><em>ἀποστόλοις,</em></strong></span> <span class='ocrx_word' id='word_1_114' title='bbox 850 1751 984 1832; x_wconf 76' lang='grc' dir='ltr'><strong><em>ἐρωτῶσι</em></strong></span> <span class='ocrx_word' id='word_1_115' title='bbox 1002 1751 1069 1831; x_wconf 80' lang='grc' dir='ltr'><strong><em>περί</em></strong></span> <span class='ocrx_word' id='word_1_116' title='bbox 1092 1755 1148 1818; x_wconf 79' lang='grc' dir='ltr'><strong>τοῦ</strong></span> <span class='ocrx_word' id='word_1_117' title='bbox 1169 1754 1202 1816; x_wconf 79' lang='grc' dir='ltr'><strong><em>ἐν</em></strong></span> <span class='ocrx_word' id='word_1_118' title='bbox 1221 1750 1392 1832; x_wconf 80' lang='grc' dir='ltr'><strong><em>Ἱεροσσλό-</em></strong></span> 
     </span>
    </p>
   </div>
   <div class='ocr_carea' id='block_1_7' title="bbox 143 1847 1392 1950">
    <p class='ocr_par' dir='ltr' id='par_1_7' title="bbox 143 1847 1392 1950">
     <span class='ocr_line' id='line_1_15' title="bbox 143 1847 1392 1950; baseline -0.006 -26"><span class='ocrx_word' id='word_1_119' title='bbox 143 1889 145 1894; x_wconf 60' lang='grc'>’</span> <span class='ocrx_word' id='word_1_120' title='bbox 262 1881 331 1939; x_wconf 88' lang='grc' dir='ltr'><strong><em>μοις</em></strong></span> <span class='ocrx_word' id='word_1_121' title='bbox 356 1859 436 1921; x_wconf 80' lang='grc' dir='ltr'><strong><em>ναοῦ</em></strong></span> <span class='ocrx_word' id='word_1_122' title='bbox 461 1855 678 1950; x_wconf 67' lang='grc' dir='ltr'><strong><em>καταστροφῆς</em></strong></span> <span class='ocrx_word' id='word_1_123' title='bbox 702 1851 756 1917; x_wconf 85' lang='grc' dir='ltr'><strong>ναί</strong></span> <span class='ocrx_word' id='word_1_124' title='bbox 784 1849 954 1926; x_wconf 78' lang='grc' dir='ltr'><strong><em>συντελείας</em></strong></span> <span class='ocrx_word' id='word_1_125' title='bbox 980 1849 1089 1926; x_wconf 76' lang='grc' dir='ltr'><strong><em>καθώς</em></strong></span> <span class='ocrx_word' id='word_1_126' title='bbox 1114 1847 1268 1935; x_wconf 76' lang='grc' dir='ltr'><strong><em>ἠδύναντο</em></strong></span> <span class='ocrx_word' id='word_1_127' title='bbox 1289 1865 1392 1940; x_wconf 81' lang='grc' dir='ltr'><strong><em>χωρεῖν</em></strong></span> 
     </span>
    </p>
   </div>
   <div class='ocr_carea' id='block_1_8' title="bbox 252 1946 1392 4097">
    <p class='ocr_par' dir='ltr' id='par_1_8' title="bbox 252 1946 1392 4097">
     <span class='ocr_line' id='line_1_16' title="bbox 261 1946 1392 2048; baseline -0.004 -24"><span class='ocrx_word' id='word_1_128' title='bbox 261 1966 390 2043; x_wconf 81' lang='grc' dir='ltr'><strong><em>προεῖπε</em></strong></span> <span class='ocrx_word' id='word_1_129' title='bbox 420 1951 459 2020; x_wconf 77' lang='grc' dir='ltr'><strong>τὰ</strong></span> <span class='ocrx_word' id='word_1_130' title='bbox 488 1953 639 2034; x_wconf 80' lang='grc' dir='ltr'><strong><em>μέλλοντα</em></strong></span> <span class='ocrx_word' id='word_1_131' title='bbox 667 1946 744 2034; x_wconf 78' lang='grc' dir='ltr'><strong><em>ἅπερ</em></strong></span> <span class='ocrx_word' id='word_1_132' title='bbox 775 1953 825 2038; x_wconf 82' lang='grc' dir='ltr'><strong><em>νηί</em></strong></span> <span class='ocrx_word' id='word_1_133' title='bbox 850 1949 911 2036; x_wconf 73' lang='grc' dir='ltr'><strong>ἤδη</strong></span> <span class='ocrx_word' id='word_1_134' title='bbox 939 1953 994 2034; x_wconf 84' lang='grc' dir='ltr'><strong><em>μὲν</em></strong></span> <span class='ocrx_word' id='word_1_135' title='bbox 1023 1956 1056 2018; x_wconf 74' lang='lat' dir='ltr'><strong>dr</strong></span> <span class='ocrx_word' id='word_1_136' title='bbox 1087 1956 1123 2048; x_wconf 68' lang='grc' dir='ltr'><strong>τῇ</strong></span> <span class='ocrx_word' id='word_1_137' title='bbox 1153 1956 1318 2040; x_wconf 79' lang='grc' dir='ltr'><strong><em>πολιορκίᾳ</em></strong></span> <span class='ocrx_word' id='word_1_138' title='bbox 1346 1957 1392 2022; x_wconf 75' lang='lat' dir='ltr'><strong>tut</strong></span> 
     </span>
     <span class='ocr_line' id='line_1_17' title="bbox 265 2051 1391 2141; baseline -0.004 -13"><span class='ocrx_word' id='word_1_139' title='bbox 265 2057 500 2128; x_wconf 76' lang='grc' dir='ltr'><strong><em>Οὐεσπασιανοῦ</em></strong></span> <span class='ocrx_word' id='word_1_140' title='bbox 523 2057 574 2122; x_wconf 81' lang='grc' dir='ltr'><strong><em>καί</em></strong></span> <span class='ocrx_word' id='word_1_141' title='bbox 598 2061 691 2119; x_wconf 79' lang='grc' dir='ltr'><strong><em>Τίτου</em></strong></span> <span class='ocrx_word' id='word_1_142' title='bbox 720 2065 781 2131; x_wconf 79' lang='grc' dir='ltr'><strong><em>τοῖς</em></strong></span> <span class='ocrx_word' id='word_1_143' title='bbox 802 2051 1026 2138; x_wconf 80' lang='grc' dir='ltr'><strong><em>ηριστσιιτίνοις</em></strong></span> <span class='ocrx_word' id='word_1_144' title='bbox 1045 2053 1208 2130; x_wconf 75' lang='grc' dir='ltr'><strong><em>Ἰουδαίοις</em></strong></span> <span class='ocrx_word' id='word_1_145' title='bbox 1234 2059 1391 2141; x_wconf 75' lang='grc' dir='ltr'><strong><em>συμβίβη·</em></strong></span> 
     </span>
     <span class='ocr_line' id='line_1_18' title="bbox 263 2157 1392 2240; baseline -0.007 -12"><span class='ocrx_word' id='word_1_146' title='bbox 263 2187 325 2228; x_wconf 75' lang='grc' dir='ltr'><strong><em>τεν.</em></strong></span> <span class='ocrx_word' id='word_1_147' title='bbox 368 2160 511 2223; x_wconf 80' lang='lat' dir='ltr'><strong>Forerius</strong></span> <span class='ocrx_word' id='word_1_148' title='bbox 535 2159 585 2240; x_wconf 91' lang='lat' dir='ltr'><strong>qui</strong></span> <span class='ocrx_word' id='word_1_149' title='bbox 608 2159 642 2220; x_wconf 91' lang='lat' dir='ltr'><strong>ad</strong></span> <span class='ocrx_word' id='word_1_150' title='bbox 666 2158 721 2220; x_wconf 89' lang='lat' dir='ltr'><strong>lsa.</strong></span> <span class='ocrx_word' id='word_1_151' title='bbox 738 2157 900 2231; x_wconf 73' lang='lat' dir='ltr'><strong>tutuno</strong></span> <span class='ocrx_word' id='word_1_152' title='bbox 921 2157 1031 2236; x_wconf 89' lang='lat' dir='ltr'><strong>optime</strong></span> <span class='ocrx_word' id='word_1_153' title='bbox 1055 2159 1144 2221; x_wconf 82' lang='lat' dir='ltr'><strong>dixit:</strong></span> <span class='ocrx_word' id='word_1_154' title='bbox 1176 2172 1261 2236; x_wconf 77' lang='lat' dir='ltr'><strong>capnt</strong></span> <span class='ocrx_word' id='word_1_155' title='bbox 1283 2173 1392 2222; x_wconf 79' lang='lat' dir='ltr'><strong>reatum</strong></span> 
     </span>
     <span class='ocr_line' id='line_1_19' title="bbox 264 2267 1390 2342; baseline 0.002 -16"><span class='ocrx_word' id='word_1_156' title='bbox 264 2269 473 2342; x_wconf 77' lang='lat' dir='ltr'><strong>apocalypseos</strong></span> <span class='ocrx_word' id='word_1_157' title='bbox 493 2267 685 2324; x_wconf 79' lang='lat' dir='ltr'><strong>uastationem</strong></span> <span class='ocrx_word' id='word_1_158' title='bbox 698 2267 830 2324; x_wconf 82' lang='lat' dir='ltr'><strong>Joaaeae</strong></span> <span class='ocrx_word' id='word_1_159' title='bbox 846 2281 918 2338; x_wconf 81' lang='lat' dir='ltr'><strong>puae</strong></span> <span class='ocrx_word' id='word_1_160' title='bbox 934 2267 1027 2338; x_wconf 79' lang='lat' dir='ltr'><strong>coepit</strong></span> <span class='ocrx_word' id='word_1_161' title='bbox 1043 2267 1109 2338; x_wconf 80' lang='lat' dir='ltr'><strong>fieri</strong></span> <span class='ocrx_word' id='word_1_162' title='bbox 1127 2283 1146 2324; x_wconf 91' lang='lat' dir='ltr'><strong>a</strong></span> <span class='ocrx_word' id='word_1_163' title='bbox 1165 2278 1257 2326; x_wconf 80' lang='lat' dir='ltr'><strong>morte</strong></span> <span class='ocrx_word' id='word_1_164' title='bbox 1274 2271 1390 2340; x_wconf 72' lang='lat' dir='ltr'><strong>domim,</strong></span> 
     </span>
     <span class='ocr_line' id='line_1_20' title="bbox 257 2363 1392 2446; baseline 0.003 -20"><span class='ocrx_word' id='word_1_165' title='bbox 257 2385 313 2444; x_wconf 84' lang='lat' dir='ltr'><strong>per</strong></span> <span class='ocrx_word' id='word_1_166' title='bbox 330 2371 504 2426; x_wconf 80' lang='lat' dir='ltr'><strong>incrementa</strong></span> <span class='ocrx_word' id='word_1_167' title='bbox 521 2376 624 2426; x_wconf 81' lang='lat' dir='ltr'><strong>comat</strong></span> <span class='ocrx_word' id='word_1_168' title='bbox 646 2363 776 2445; x_wconf 89' lang='lat' dir='ltr'><strong>(equites</strong></span> <span class='ocrx_word' id='word_1_169' title='bbox 791 2363 955 2427; x_wconf 86' lang='lat' dir='ltr'><strong>secundum</strong></span> <span class='ocrx_word' id='word_1_170' title='bbox 970 2365 1090 2426; x_wconf 88' lang='lat' dir='ltr'><strong>tertium</strong></span> <span class='ocrx_word' id='word_1_171' title='bbox 1107 2375 1244 2446; x_wconf 90' lang='lat' dir='ltr'><strong>quartum</strong></span> <span class='ocrx_word' id='word_1_172' title='bbox 1260 2366 1297 2430; x_wconf 90' lang='lat' dir='ltr'><strong>de</strong></span> <span class='ocrx_word' id='word_1_173' title='bbox 1313 2368 1392 2432; x_wconf 89' lang='lat' dir='ltr'><strong>bello</strong></span> 
     </span>
     <span class='ocr_line' id='line_1_21' title="bbox 263 2465 1391 2552; baseline -0.001 -17"><span class='ocrx_word' id='word_1_174' title='bbox 263 2474 340 2536; x_wconf 85' lang='lat' dir='ltr'><strong>lame</strong></span> <span class='ocrx_word' id='word_1_175' title='bbox 362 2477 447 2550; x_wconf 91' lang='lat' dir='ltr'><strong>peste</strong></span> <span class='ocrx_word' id='word_1_176' title='bbox 468 2467 618 2548; x_wconf 85' lang='lat' dir='ltr'><strong>intellegit</strong></span> <span class='ocrx_word' id='word_1_177' title='bbox 640 2465 748 2549; x_wconf 87' lang='lat' dir='ltr'><strong>quibus</strong></span> <span class='ocrx_word' id='word_1_178' title='bbox 772 2467 846 2530; x_wconf 87' lang='lat' dir='ltr'><strong>deus</strong></span> <span class='ocrx_word' id='word_1_179' title='bbox 863 2469 994 2531; x_wconf 84' lang='lat' dir='ltr'><strong>ludaeos</strong></span> <span class='ocrx_word' id='word_1_180' title='bbox 1017 2468 1178 2548; x_wconf 81' lang='lat' dir='ltr'><strong>punierit),</strong></span> <span class='ocrx_word' id='word_1_181' title='bbox 1209 2471 1250 2532; x_wconf 90' lang='lat' dir='ltr'><strong>ita</strong></span> <span class='ocrx_word' id='word_1_182' title='bbox 1278 2474 1391 2552; x_wconf 79' lang='lat' dir='ltr'><strong>pergit:</strong></span> 
     </span>
     <span class='ocr_line' id='line_1_22' title="bbox 263 2577 1392 2655; baseline -0.002 -17"><span class='ocrx_word' id='word_1_183' title='bbox 263 2595 408 2655; x_wconf 85' lang='grc' dir='ltr'><strong><em>ηαοαιηιιι</em></strong></span> <span class='ocrx_word' id='word_1_184' title='bbox 437 2579 469 2635; x_wconf 88' lang='grc' dir='ltr'><strong><em>ιά</em></strong></span> <span class='ocrx_word' id='word_1_185' title='bbox 502 2585 584 2648; x_wconf 77' lang='lat' dir='ltr'><strong>secto</strong></span> <span class='ocrx_word' id='word_1_186' title='bbox 607 2578 706 2650; x_wconf 81' lang='grc' dir='ltr'><strong><em>ειήίίίο</em></strong></span> <span class='ocrx_word' id='word_1_187' title='bbox 736 2579 758 2637; x_wconf 81' lang='grc' dir='ltr'><strong>ί.</strong></span> <span class='ocrx_word' id='word_1_188' title='bbox 789 2595 812 2636; x_wconf 88' lang='lat' dir='ltr'><strong>e.</strong></span> <span class='ocrx_word' id='word_1_189' title='bbox 841 2584 925 2632; x_wconf 82' lang='lat' dir='ltr'><strong>secto</strong></span> <span class='ocrx_word' id='word_1_190' title='bbox 953 2591 1091 2633; x_wconf 82' lang='lat' dir='ltr'><strong>annorum</strong></span> <span class='ocrx_word' id='word_1_191' title='bbox 1123 2577 1301 2638; x_wconf 78' lang='lat' dir='ltr'><strong>hebdomada</strong></span> <span class='ocrx_word' id='word_1_192' title='bbox 1323 2587 1392 2651; x_wconf 82' lang='lat' dir='ltr'><strong>post</strong></span> 
     </span>
     <span class='ocr_line' id='line_1_23' title="bbox 262 2657 1390 2758; baseline 0.004 -20"><span class='ocrx_word' id='word_1_193' title='bbox 262 2657 386 2738; x_wconf 86' lang='lat' dir='ltr'><strong>occisum</strong></span> <span class='ocrx_word' id='word_1_194' title='bbox 406 2679 548 2736; x_wconf 81' lang='lat' dir='ltr'><strong>dominam</strong></span> <span class='ocrx_word' id='word_1_195' title='bbox 572 2685 725 2735; x_wconf 81' lang='lat' dir='ltr'><strong>eatremam</strong></span> <span class='ocrx_word' id='word_1_196' title='bbox 748 2679 973 2735; x_wconf 79' lang='lat' dir='ltr'><strong>devastationem</strong></span> <span class='ocrx_word' id='word_1_197' title='bbox 989 2686 1205 2750; x_wconf 59' lang='lat' dir='ltr'><strong>commemorem</strong></span> <span class='ocrx_word' id='word_1_198' title='bbox 1227 2677 1258 2737; x_wconf 92' lang='lat' dir='ltr'><strong>in</strong></span> <span class='ocrx_word' id='word_1_199' title='bbox 1283 2677 1390 2758; x_wconf 82' lang='lat' dir='ltr'><strong>quibus</strong></span> 
     </span>
     <span class='ocr_line' id='line_1_24' title="bbox 260 2775 1390 2870; baseline -0.001 -29"><span class='ocrx_word' id='word_1_200' title='bbox 260 2788 359 2842; x_wconf 85' lang='lat' dir='ltr'><strong>tamen</strong></span> <span class='ocrx_word' id='word_1_201' title='bbox 383 2784 413 2838; x_wconf 89' lang='lat' dir='ltr'><strong>et</strong></span> <span class='ocrx_word' id='word_1_202' title='bbox 434 2784 552 2856; x_wconf 75' lang='lat' dir='ltr'><strong>pravam</strong></span> <span class='ocrx_word' id='word_1_203' title='bbox 575 2776 712 2856; x_wconf 84' lang='lat' dir='ltr'><strong>sequitur</strong></span> <span class='ocrx_word' id='word_1_204' title='bbox 731 2776 879 2837; x_wconf 89' lang='lat' dir='ltr'><strong>rationem</strong></span> <span class='ocrx_word' id='word_1_205' title='bbox 893 2795 894 2800; x_wconf 46' lang='lat'>¹</span> <span class='ocrx_word' id='word_1_206' title='bbox 908 2775 1096 2854; x_wconf 84' lang='lat' dir='ltr'><strong>computandi</strong></span> <span class='ocrx_word' id='word_1_207' title='bbox 1122 2784 1259 2870; x_wconf 64' lang='lat' dir='ltr'><strong>tempora</strong></span> <span class='ocrx_word' id='word_1_208' title='bbox 1282 2779 1390 2840; x_wconf 80' lang='lat' dir='ltr'><strong>Danie-</strong></span> 
     </span>
     <span class='ocr_line' id='line_1_25' title="bbox 261 2877 1390 2957; baseline 0.003 -16"><span class='ocrx_word' id='word_1_209' title='bbox 261 2879 318 2942; x_wconf 87' lang='lat' dir='ltr'><strong>lica</strong></span> <span class='ocrx_word' id='word_1_210' title='bbox 340 2887 369 2940; x_wconf 85' lang='lat' dir='ltr'><strong>et</strong></span> <span class='ocrx_word' id='word_1_211' title='bbox 391 2895 549 2957; x_wconf 81' lang='lat' dir='ltr'><strong>perperam</strong></span> <span class='ocrx_word' id='word_1_212' title='bbox 571 2877 601 2940; x_wconf 92' lang='lat' dir='ltr'><strong>h.</strong></span> <span class='ocrx_word' id='word_1_213' title='bbox 625 2879 645 2940; x_wconf 90' lang='lat' dir='ltr'><strong>l.</strong></span> <span class='ocrx_word' id='word_1_214' title='bbox 677 2877 734 2939; x_wconf 85' lang='lat' dir='ltr'><strong>iam</strong></span> <span class='ocrx_word' id='word_1_215' title='bbox 765 2878 1109 2957; x_wconf 61' lang='lat' dir='ltr'><strong>ultimum‘reipuhIIcae</strong></span> <span class='ocrx_word' id='word_1_216' title='bbox 1138 2879 1258 2942; x_wconf 85' lang='lat' dir='ltr'><strong>exitium</strong></span> <span class='ocrx_word' id='word_1_217' title='bbox 1289 2901 1390 2946; x_wconf 83' lang='lat' dir='ltr'><strong>narra-</strong></span> 
     </span>
     <span class='ocr_line' id='line_1_26' title="bbox 259 2982 1390 3064; baseline 0.006 -20"><span class='ocrx_word' id='word_1_218' title='bbox 259 2985 322 3046; x_wconf 82' lang='lat' dir='ltr'><strong>tum</strong></span> <span class='ocrx_word' id='word_1_219' title='bbox 343 2999 411 3044; x_wconf 85' lang='lat' dir='ltr'><strong>asse</strong></span> <span class='ocrx_word' id='word_1_220' title='bbox 432 2982 578 3062; x_wconf 82' lang='lat' dir='ltr'><strong>opInatua.</strong></span> <span class='ocrx_word' id='word_1_221' title='bbox 624 2983 724 3045; x_wconf 88' lang='lat' dir='ltr'><strong>Latius</strong></span> <span class='ocrx_word' id='word_1_222' title='bbox 747 2983 883 3046; x_wconf 82' lang='lat' dir='ltr'><strong>Ambros.</strong></span> <span class='ocrx_word' id='word_1_223' title='bbox 913 2993 942 3043; x_wconf 89' lang='lat' dir='ltr'><strong>et</strong></span> <span class='ocrx_word' id='word_1_224' title='bbox 964 2984 1086 3062; x_wconf 87' lang='lat' dir='ltr'><strong>llupert</strong></span> <span class='ocrx_word' id='word_1_225' title='bbox 1118 2984 1155 3045; x_wconf 91' lang='lat' dir='ltr'><strong>de</strong></span> <span class='ocrx_word' id='word_1_226' title='bbox 1184 2988 1330 3064; x_wconf 86' lang='lat' dir='ltr'><strong>portentis</strong></span> <span class='ocrx_word' id='word_1_227' title='bbox 1361 2990 1390 3051; x_wconf 92' lang='lat' dir='ltr'><strong>io</strong></span> 
     </span>
     <span class='ocr_line' id='line_1_27' title="bbox 261 3083 1390 3163; baseline 0.003 -16"><span class='ocrx_word' id='word_1_228' title='bbox 261 3083 378 3148; x_wconf 84' lang='lat' dir='ltr'><strong>excidio</strong></span> <span class='ocrx_word' id='word_1_229' title='bbox 398 3084 575 3146; x_wconf 84' lang='lat' dir='ltr'><strong>Jerusalemi</strong></span> <span class='ocrx_word' id='word_1_230' title='bbox 599 3094 628 3144; x_wconf 90' lang='lat' dir='ltr'><strong>et</strong></span> <span class='ocrx_word' id='word_1_231' title='bbox 657 3083 805 3162; x_wconf 87' lang='lat' dir='ltr'><strong>supplicio</strong></span> <span class='ocrx_word' id='word_1_232' title='bbox 827 3083 1017 3145; x_wconf 82' lang='lat' dir='ltr'><strong>ludaeorum.</strong></span> <span class='ocrx_word' id='word_1_233' title='bbox 1062 3085 1181 3163; x_wconf 84' lang='lat' dir='ltr'><strong>Optime</strong></span> <span class='ocrx_word' id='word_1_234' title='bbox 1204 3087 1330 3150; x_wconf 79' lang='lat' dir='ltr'><strong>Aloasar</strong></span> <span class='ocrx_word' id='word_1_235' title='bbox 1353 3089 1390 3150; x_wconf 88' lang='lat' dir='ltr'><strong>ds</strong></span> 
     </span>
     <span class='ocr_line' id='line_1_28' title="bbox 260 3185 1389 3265; baseline 0.002 -15"><span class='ocrx_word' id='word_1_236' title='bbox 260 3188 348 3250; x_wconf 79' lang='lat' dir='ltr'><strong>senile</strong></span> <span class='ocrx_word' id='word_1_237' title='bbox 381 3185 661 3248; x_wconf 87' lang='lat' dir='ltr'><strong>comminationibus</strong></span> <span class='ocrx_word' id='word_1_238' title='bbox 690 3203 825 3246; x_wconf 82' lang='lat' dir='ltr'><strong>severam</strong></span> <span class='ocrx_word' id='word_1_239' title='bbox 851 3185 1037 3265; x_wconf 88' lang='lat' dir='ltr'><strong>punitionem</strong></span> <span class='ocrx_word' id='word_1_240' title='bbox 1066 3187 1327 3264; x_wconf 81' lang='lat' dir='ltr'><strong>antecedentibus3</strong></span> <span class='ocrx_word' id='word_1_241' title='bbox 1353 3192 1389 3252; x_wconf 87' lang='lat' dir='ltr'><strong>cl.</strong></span> 
     </span>
     <span class='ocr_line' id='line_1_29' title="bbox 258 3288 1390 3369; baseline 0 -17"><span class='ocrx_word' id='word_1_242' title='bbox 258 3290 334 3352; x_wconf 83' lang='lat' dir='ltr'><strong>Joel.</strong></span> <span class='ocrx_word' id='word_1_243' title='bbox 356 3289 411 3362; x_wconf 90' lang='lat' dir='ltr'><strong>Ill,</strong></span> <span class='ocrx_word' id='word_1_244' title='bbox 442 3289 473 3348; x_wconf 89' lang='lat'><strong>4.</strong></span> <span class='ocrx_word' id='word_1_245' title='bbox 518 3288 596 3349; x_wconf 88' lang='lat' dir='ltr'><strong>Beue</strong></span> <span class='ocrx_word' id='word_1_246' title='bbox 626 3289 747 3350; x_wconf 85' lang='lat' dir='ltr'><strong>Grotius</strong></span> <span class='ocrx_word' id='word_1_247' title='bbox 774 3305 893 3368; x_wconf 85' lang='lat' dir='ltr'><strong>quoque</strong></span> <span class='ocrx_word' id='word_1_248' title='bbox 925 3298 1043 3350; x_wconf 87' lang='lat' dir='ltr'><strong>sextum</strong></span> <span class='ocrx_word' id='word_1_249' title='bbox 1073 3289 1204 3367; x_wconf 84' lang='lat' dir='ltr'><strong>sigillum</strong></span> <span class='ocrx_word' id='word_1_250' title='bbox 1232 3291 1390 3369; x_wconf 85' lang='lat' dir='ltr'><strong>complecti</strong></span> 
     </span>
     <span class='ocr_line' id='line_1_30' title="bbox 260 3393 1390 3470; baseline 0 -15"><span class='ocrx_word' id='word_1_251' title='bbox 260 3399 363 3456; x_wconf 79' lang='lat' dir='ltr'><strong>conec</strong></span> <span class='ocrx_word' id='word_1_252' title='bbox 389 3395 550 3467; x_wconf 79' lang='lat' dir='ltr'><strong>praesepia</strong></span> <span class='ocrx_word' id='word_1_253' title='bbox 571 3410 644 3467; x_wconf 80' lang='lat' dir='ltr'><strong>qaae</strong></span> <span class='ocrx_word' id='word_1_254' title='bbox 668 3393 771 3451; x_wconf 83' lang='lat' dir='ltr'><strong>deltam</strong></span> <span class='ocrx_word' id='word_1_255' title='bbox 793 3397 869 3452; x_wconf 84' lang='lat' dir='ltr'><strong>iuter</strong></span> <span class='ocrx_word' id='word_1_256' title='bbox 890 3395 1019 3452; x_wconf 75' lang='lat' dir='ltr'><strong>Iudaeos</strong></span> <span class='ocrx_word' id='word_1_257' title='bbox 1042 3395 1233 3454; x_wconf 75' lang='lat' dir='ltr'><strong>etllomaaos</strong></span> <span class='ocrx_word' id='word_1_258' title='bbox 1252 3413 1390 3470; x_wconf 80' lang='lat' dir='ltr'><strong>praeces-</strong></span> 
     </span>
     <span class='ocr_line' id='line_1_31' title="bbox 258 3491 1389 3573; baseline 0.006 -17"><span class='ocrx_word' id='word_1_259' title='bbox 258 3509 332 3557; x_wconf 83' lang='grc' dir='ltr'><strong><em>ειτι.</em></strong></span> <span class='ocrx_word' id='word_1_260' title='bbox 374 3491 440 3554; x_wconf 80' lang='lat' dir='ltr'><strong>lam</strong></span> <span class='ocrx_word' id='word_1_261' title='bbox 463 3509 551 3567; x_wconf 86' lang='lat' dir='ltr'><strong>vero,</strong></span> <span class='ocrx_word' id='word_1_262' title='bbox 581 3502 614 3555; x_wconf 92' lang='lat' dir='ltr'><strong>ut</strong></span> <span class='ocrx_word' id='word_1_263' title='bbox 640 3495 676 3556; x_wconf 91' lang='lat' dir='ltr'><strong>ad</strong></span> <span class='ocrx_word' id='word_1_264' title='bbox 705 3494 822 3573; x_wconf 84' lang='lat' dir='ltr'><strong>singula</strong></span> <span class='ocrx_word' id='word_1_265' title='bbox 851 3493 1085 3568; x_wconf 85' lang='lat' dir='ltr'><strong>descendamus,</strong></span> <span class='ocrx_word' id='word_1_266' title='bbox 1115 3497 1152 3558; x_wconf 90' lang='lat' dir='ltr'><strong>de</strong></span> <span class='ocrx_word' id='word_1_267' title='bbox 1182 3493 1280 3559; x_wconf 79' lang='lat' dir='ltr'><strong>terrae</strong></span> <span class='ocrx_word' id='word_1_268' title='bbox 1307 3511 1389 3564; x_wconf 87' lang='lat' dir='ltr'><strong>motu</strong></span> 
     </span>
     <span class='ocr_line' id='line_1_32' title="bbox 257 3592 1390 3684; baseline 0.009 -26"><span class='ocrx_word' id='word_1_269' title='bbox 257 3599 362 3659; x_wconf 80' lang='lat' dir='ltr'><strong>Irene</strong></span> <span class='ocrx_word' id='word_1_270' title='bbox 384 3595 441 3657; x_wconf 87' lang='lat' dir='ltr'><strong>ait:</strong></span> <span class='ocrx_word' id='word_1_271' title='bbox 471 3592 595 3674; x_wconf 83' lang='grc' dir='ltr'><strong><em>σεισμὸν</em></strong></span> <span class='ocrx_word' id='word_1_272' title='bbox 616 3597 766 3670; x_wconf 74' lang='grc' dir='ltr'><strong><em>εἰωθυίας</em></strong></span> <span class='ocrx_word' id='word_1_273' title='bbox 786 3599 838 3680; x_wconf 79' lang='grc' dir='ltr'><strong><em>τῆς</em></strong></span> <span class='ocrx_word' id='word_1_274' title='bbox 858 3601 978 3681; x_wconf 74' lang='grc' dir='ltr'><strong><em>γραφῆς</em></strong></span> <span class='ocrx_word' id='word_1_275' title='bbox 1009 3598 1113 3663; x_wconf 80' lang='grc' dir='ltr'><strong><em>καλεῖν</em></strong></span> <span class='ocrx_word' id='word_1_276' title='bbox 1134 3595 1270 3682; x_wconf 77' lang='grc' dir='ltr'><strong><em>τὴντῶν</em></strong></span> <span class='ocrx_word' id='word_1_277' title='bbox 1291 3625 1390 3684; x_wconf 77' lang='grc' dir='ltr'><strong><em>ηραν·</em></strong></span> 
     </span>
     <span class='ocr_line' id='line_1_33' title="bbox 257 3689 1391 3788; baseline 0.009 -27"><span class='ocrx_word' id='word_1_278' title='bbox 257 3692 362 3780; x_wconf 79' lang='grc' dir='ltr'><strong><em>μάτων</em></strong></span> <span class='ocrx_word' id='word_1_279' title='bbox 381 3692 553 3779; x_wconf 76' lang='grc' dir='ltr'><strong><em>μετάβασιν</em></strong></span> <span class='ocrx_word' id='word_1_280' title='bbox 574 3689 675 3778; x_wconf 71' lang='grc' dir='ltr'><strong><em>ὥσπερ</em></strong></span> <span class='ocrx_word' id='word_1_281' title='bbox 697 3693 732 3762; x_wconf 86' lang='grc' dir='ltr'><strong>τὸ</strong></span> <span class='ocrx_word' id='word_1_282' title='bbox 751 3695 819 3768; x_wconf 79' lang='grc' dir='ltr'><strong>Ἔτι</strong></span> <span class='ocrx_word' id='word_1_283' title='bbox 834 3691 918 3776; x_wconf 77' lang='grc' dir='ltr'><strong><em>ἅπαξ</em></strong></span> <span class='ocrx_word' id='word_1_284' title='bbox 935 3705 1024 3764; x_wconf 84' lang='grc' dir='ltr'><strong><em>σείσω</em></strong></span> <span class='ocrx_word' id='word_1_285' title='bbox 1044 3703 1128 3782; x_wconf 76' lang='lat' dir='ltr'><strong>[dgg.</strong></span> <span class='ocrx_word' id='word_1_286' title='bbox 1141 3705 1186 3777; x_wconf 89' lang='grc' dir='ltr'><strong>ΙΙ,</strong></span> <span class='ocrx_word' id='word_1_287' title='bbox 1201 3703 1245 3778; x_wconf 75' lang='lat' dir='ltr'><strong>ot.</strong></span> <span class='ocrx_word' id='word_1_288' title='bbox 1290 3704 1391 3788; x_wconf 79' lang='grc' dir='ltr'><strong><em>Ληλοί</em></strong></span> 
     </span>
     <span class='ocr_line' id='line_1_34' title="bbox 258 3795 1390 3886; baseline 0.007 -22"><span class='ocrx_word' id='word_1_289' title='bbox 258 3797 318 3882; x_wconf 75' lang='grc' dir='ltr'><strong>γὰρ</strong></span> <span class='ocrx_word' id='word_1_290' title='bbox 340 3795 396 3884; x_wconf 73' lang='grc' dir='ltr'><strong><em>τὴν</em></strong></span> <span class='ocrx_word' id='word_1_291' title='bbox 424 3800 483 3862; x_wconf 72' lang='lat' dir='ltr'><strong>taio</strong></span> <span class='ocrx_word' id='word_1_292' title='bbox 511 3796 724 3881; x_wconf 64' lang='lat' dir='ltr'><strong>retrospecta</strong></span> <span class='ocrx_word' id='word_1_293' title='bbox 744 3797 915 3882; x_wconf 78' lang='grc' dir='ltr'><strong><em>μετάθεσιν</em></strong></span> <span class='ocrx_word' id='word_1_294' title='bbox 939 3799 980 3875; x_wconf 76' lang='grc' dir='ltr'><strong><em>ὥς</em></strong></span> <span class='ocrx_word' id='word_1_295' title='bbox 1007 3799 1025 3866; x_wconf 84' lang='grc' dir='ltr'>ὁ</span> <span class='ocrx_word' id='word_1_296' title='bbox 1048 3798 1140 3876; x_wconf 72' lang='grc' dir='ltr'><strong><em>θεῖός</em></strong></span> <span class='ocrx_word' id='word_1_297' title='bbox 1162 3825 1238 3886; x_wconf 84' lang='grc' dir='ltr'><strong><em>φησι</em></strong></span> <span class='ocrx_word' id='word_1_298' title='bbox 1261 3807 1390 3885; x_wconf 79' lang='grc' dir='ltr'><strong><em>Παῦλος</em></strong></span> 
     </span>
     <span class='ocr_line' id='line_1_35' title="bbox 258 3897 1390 3992; baseline 0.011 -31"><span class='ocrx_word' id='word_1_299' title='bbox 258 3899 360 3976; x_wconf 75' lang='lat' dir='ltr'><strong>[Heba.</strong></span> <span class='ocrx_word' id='word_1_300' title='bbox 384 3899 454 3975; x_wconf 76' lang='lat' dir='ltr'><strong>ult,</strong></span> <span class='ocrx_word' id='word_1_301' title='bbox 472 3897 525 3962; x_wconf 86' lang='lat'><strong>26.</strong></span> <span class='ocrx_word' id='word_1_302' title='bbox 543 3898 608 3979; x_wconf 67' lang='grc' dir='ltr'><strong>2η.</strong></span> <span class='ocrx_word' id='word_1_303' title='bbox 654 3903 719 3966; x_wconf 87' lang='grc' dir='ltr'><strong><em>Καί</em></strong></span> <span class='ocrx_word' id='word_1_304' title='bbox 747 3905 780 3968; x_wconf 83' lang='grc' dir='ltr'><strong><em>ἐν</em></strong></span> <span class='ocrx_word' id='word_1_305' title='bbox 806 3903 846 3992; x_wconf 63' lang='grc' dir='ltr'><strong>τῇ</strong></span> <span class='ocrx_word' id='word_1_306' title='bbox 872 3903 993 3989; x_wconf 80' lang='grc' dir='ltr'><strong><em>παλαιᾷ</em></strong></span> <span class='ocrx_word' id='word_1_307' title='bbox 1020 3901 1041 3988; x_wconf 79' lang='grc' dir='ltr'><em>ἦ</em></span> <span class='ocrx_word' id='word_1_308' title='bbox 1069 3900 1120 3968; x_wconf 79' lang='grc' dir='ltr'><strong>ἀπ’</strong></span> <span class='ocrx_word' id='word_1_309' title='bbox 1142 3901 1304 3984; x_wconf 79' lang='grc' dir='ltr'><strong><em>Αίμδστσυ</em></strong></span> <span class='ocrx_word' id='word_1_310' title='bbox 1326 3914 1390 3974; x_wconf 79' lang='grc' dir='ltr'><strong><em>τῶν</em></strong></span> 
     </span>
     <span class='ocr_line' id='line_1_36' title="bbox 252 3995 1387 4097; baseline 0.01 -32"><span class='ocrx_word' id='word_1_311' title='bbox 252 3995 451 4086; x_wconf 77' lang='grc' dir='ltr'><strong><em>Ἰσραηλιτῶν</em></strong></span> <span class='ocrx_word' id='word_1_312' title='bbox 475 3999 580 4078; x_wconf 77' lang='grc' dir='ltr'><strong><em>ἔξοδος</em></strong></span> <span class='ocrx_word' id='word_1_313' title='bbox 610 4001 736 4084; x_wconf 81' lang='grc' dir='ltr'><strong><em>σεισμὸς</em></strong></span> <span class='ocrx_word' id='word_1_314' title='bbox 765 4005 882 4088; x_wconf 76' lang='grc' dir='ltr'><strong><em>εἴρηται</em></strong></span> <span class='ocrx_word' id='word_1_315' title='bbox 903 4003 1014 4079; x_wconf 72' lang='grc' dir='ltr'><strong><em>καθὼς</em></strong></span> <span class='ocrx_word' id='word_1_316' title='bbox 1041 4005 1091 4072; x_wconf 80' lang='grc' dir='ltr'><strong>ναί</strong></span> <span class='ocrx_word' id='word_1_317' title='bbox 1113 4005 1217 4092; x_wconf 82' lang='grc' dir='ltr'><strong><em>Δαβίδ</em></strong></span> <span class='ocrx_word' id='word_1_318' title='bbox 1239 4031 1313 4094; x_wconf 83' lang='grc' dir='ltr'><strong><em>φησι</em></strong></span> <span class='ocrx_word' id='word_1_319' title='bbox 1339 4017 1372 4076; x_wconf 86' lang='grc' dir='ltr'><em>Γ</em></span> <span class='ocrx_word' id='word_1_320' title='bbox 1369 4041 1387 4097; x_wconf 89' lang='grc' dir='ltr'><strong><em>η</em></strong></span> 
     </span>
    </p>
   </div>
   <div class='ocr_carea' id='block_1_9' title="bbox 255 4100 1388 4194">
    <p class='ocr_par' dir='ltr' id='par_1_9' title="bbox 255 4100 1388 4194">
     <span class='ocr_line' id='line_1_37' title="bbox 255 4100 1388 4194; baseline 0.014 -31"><span class='ocrx_word' id='word_1_321' title='bbox 255 4101 385 4185; x_wconf 67' lang='grc' dir='ltr'><strong><em>ἐσείσθη</em></strong></span> <span class='ocrx_word' id='word_1_322' title='bbox 407 4109 459 4168; x_wconf 81' lang='grc' dir='ltr'><strong><em>καί</em></strong></span> <span class='ocrx_word' id='word_1_323' title='bbox 481 4100 538 4186; x_wconf 77' lang='grc' dir='ltr'><strong>μὰρ</strong></span> <span class='ocrx_word' id='word_1_324' title='bbox 567 4108 601 4168; x_wconf 83' lang='grc' dir='ltr'><strong>σί</strong></span> <span class='ocrx_word' id='word_1_325' title='bbox 631 4101 757 4187; x_wconf 72' lang='lat' dir='ltr'><strong>adpraei</strong></span> <span class='ocrx_word' id='word_1_326' title='bbox 785 4109 913 4184; x_wconf 77' lang='grc' dir='ltr'><strong><em>ἔσταξεν</em></strong></span> <span class='ocrx_word' id='word_1_327' title='bbox 942 4105 992 4194; x_wconf 83' lang='grc' dir='ltr'><strong>[η.</strong></span> <span class='ocrx_word' id='word_1_328' title='bbox 1015 4111 1149 4186; x_wconf 83' lang='lat' dir='ltr'>LXVIII,</span> <span class='ocrx_word' id='word_1_329' title='bbox 1172 4111 1218 4194; x_wconf 81' lang='grc'><strong>9].</strong></span> <span class='ocrx_word' id='word_1_330' title='bbox 1264 4116 1388 4180; x_wconf 80' lang='lat' dir='ltr'><strong>Alcasar</strong></span> 
     </span>
    </p>
   </div>
   <div class='ocr_carea' id='block_1_10' title="bbox 256 4198 1387 4394">
    <p class='ocr_par' dir='ltr' id='par_1_10' title="bbox 256 4198 1387 4394">
     <span class='ocr_line' id='line_1_38' title="bbox 256 4198 1387 4296; baseline 0.009 -28"><span class='ocrx_word' id='word_1_331' title='bbox 256 4198 348 4279; x_wconf 68' lang='lat' dir='ltr'><strong>icitur</strong></span> <span class='ocrx_word' id='word_1_332' title='bbox 370 4203 466 4283; x_wconf 83' lang='grc'>(461)</span> <span class='ocrx_word' id='word_1_333' title='bbox 495 4213 592 4266; x_wconf 85' lang='lat' dir='ltr'><strong>terroe</strong></span> <span class='ocrx_word' id='word_1_334' title='bbox 614 4216 696 4269; x_wconf 91' lang='lat' dir='ltr'><strong>motu</strong></span> <span class='ocrx_word' id='word_1_335' title='bbox 719 4217 801 4270; x_wconf 83' lang='lat' dir='ltr'><strong>reato</strong></span> <span class='ocrx_word' id='word_1_336' title='bbox 823 4219 927 4272; x_wconf 86' lang='lat' dir='ltr'><strong>censet</strong></span> <span class='ocrx_word' id='word_1_337' title='bbox 945 4209 1108 4296; x_wconf 80' lang='lat' dir='ltr'><strong>significari</strong></span> <span class='ocrx_word' id='word_1_338' title='bbox 1136 4231 1268 4290; x_wconf 81' lang='grc' dir='ltr'><strong><em>ιασρασα</em></strong></span> <span class='ocrx_word' id='word_1_339' title='bbox 1289 4235 1387 4278; x_wconf 77' lang='grc' dir='ltr'><strong><em>τινοιν</em></strong></span> 
     </span>
     <span class='ocr_line' id='line_1_39' title="bbox 256 4309 1387 4394; baseline 0.011 -33"><span class='ocrx_word' id='word_1_340' title='bbox 256 4309 500 4365; x_wconf 80' lang='lat' dir='ltr'><strong>commatationem</strong></span> <span class='ocrx_word' id='word_1_341' title='bbox 524 4325 559 4366; x_wconf 86' lang='lat' dir='ltr'><strong>ao</strong></span> <span class='ocrx_word' id='word_1_342' title='bbox 580 4311 825 4384; x_wconf 75' lang='lat' dir='ltr'><strong>perturbationem</strong></span> <span class='ocrx_word' id='word_1_343' title='bbox 853 4329 925 4389; x_wconf 83' lang='grc' dir='ltr'><strong><em>ηναι</em></strong></span> <span class='ocrx_word' id='word_1_344' title='bbox 950 4317 1139 4390; x_wconf 75' lang='grc' dir='ltr'><strong><em>ίτνσεοίμιαίν</em></strong></span> <span class='ocrx_word' id='word_1_345' title='bbox 1168 4320 1274 4377; x_wconf 75' lang='lat' dir='ltr'><strong>accidit</strong></span> <span class='ocrx_word' id='word_1_346' title='bbox 1298 4337 1387 4394; x_wconf 82' lang='lat' dir='ltr'><strong>praa.</strong></span> 
     </span>
    </p>
   </div>
   <div class='ocr_carea' id='block_1_11' title="bbox 255 4409 1387 4496">
    <p class='ocr_par' dir='ltr' id='par_1_11' title="bbox 255 4409 1387 4496">
     <span class='ocr_line' id='line_1_40' title="bbox 255 4409 1387 4496; baseline 0.015 -29"><span class='ocrx_word' id='word_1_347' title='bbox 255 4409 355 4470; x_wconf 80' lang='lat' dir='ltr'><strong>sertim</strong></span> <span class='ocrx_word' id='word_1_348' title='bbox 372 4424 437 4470; x_wconf 79' lang='lat' dir='ltr'><strong>oum</strong></span> <span class='ocrx_word' id='word_1_349' title='bbox 460 4411 633 4485; x_wconf 68' lang='lat' dir='ltr'><strong>summm</strong></span> <span class='ocrx_word' id='word_1_350' title='bbox 652 4411 822 4490; x_wconf 61' lang='lat' dir='ltr'><strong>defecerunt</strong></span> <span class='ocrx_word' id='word_1_351' title='bbox 846 4423 874 4486; x_wconf 79' lang='lat' dir='ltr'><strong>et</strong></span> <span class='ocrx_word' id='word_1_352' title='bbox 895 4419 927 4478; x_wconf 86' lang='lat' dir='ltr'><strong>ta</strong></span> <span class='ocrx_word' id='word_1_353' title='bbox 945 4419 1028 4496; x_wconf 80' lang='lat' dir='ltr'><strong>ipsos</strong></span> <span class='ocrx_word' id='word_1_354' title='bbox 1048 4421 1259 4496; x_wconf 74' lang='lat' dir='ltr'><strong>conspirarunt</strong></span> <span class='ocrx_word' id='word_1_355' title='bbox 1304 4422 1387 4494; x_wconf 73' lang='lat' dir='ltr'><strong>Qum</strong></span> 
     </span>
    </p>
   </div>
   <div class='ocr_carea' id='block_1_12' title="bbox 0 0 1454 5054">
    <p class='ocr_par' dir='ltr' id='par_1_12' title="bbox 0 0 1454 5054">
     <span class='ocr_line' id='line_1_41' title="bbox 0 0 1454 5054; baseline 0 3"><span class='ocrx_word' id='word_1_356' title='bbox 0 0 1454 5054; x_wconf 95' lang='lat' dir='ltr'><strong> </strong></span> 
     </span>
    </p>
   </div>
  </div>
 </body>
</html>
