2900 5054
688 343 855 424 ..46
1444 419 1445 482 l

270 515 357 578 debir
378 515 446 595 quia
466 513 638 593 prophetiae
661 514 764 576 tristes
786 533 822 578 ae
841 521 1019 594 torquentes
1046 514 1171 594 impium
1194 533 1255 576 nnn
1275 517 1400 578 attinent

268 615 465 678 Christianos.
510 614 631 678 Videtur
648 634 720 678 rere
740 615 795 678 bac
818 635 936 698 quoqne
956 618 987 678 in
1008 617 1218 680 reconvenire
1240 637 1308 682 cum
1329 637 1399 681 nar-

268 717 384 778 ratione
406 717 533 796 quadam
557 735 643 796 quam
672 717 710 778 de
734 718 811 780 leste
834 719 1091 782 tabernaculorum
1113 721 1216 784 ludaei
1238 740 1399 784 conserva·
1444 759 1445 766 ι

259 827 382 882 'rerunt
426 819 548 897 Legitur
569 820 649 880 enim
672 819 703 880 in
723 828 847 883 tractatu
869 833 930 886 nur
953 819 1299 886 maustauron
1321 830 1399 884 tem·
1444 835 1445 838 ’

267 939 341 1001 pora
365 921 514 1001 messiano
541 917 641 1002 (atrab
663 918 779 1002 amab)
801 921 910 984 librum
933 923 1009 1002 legis
1037 924 1067 984 in
1091 924 1191 985 sinum
1211 932 1397 1002 sumpturum

268 1039 431 1103 amnesque
468 1021 603 1084 homiues
641 1023 851 1085 advocaturum
890 1043 958 1086 esse
994 1035 1027 1086 ut
1063 1026 1232 1088 mercedem
1271 1027 1399 1106 quisque

268 1141 351 1186 suam
376 1122 508 1199 accipiat.
554 1121 697 1183 Gentibus
724 1141 796 1184 vero
824 1124 958 1204 undique
978 1127 1226 1188 concurrentibus
1248 1127 1400 1189 dicturum

267 1244 352 1288 eum:
384 1233 461 1287 extat
483 1233 673 1305 praeceptum
696 1225 761 1286 leve
789 1223 877 1308 (sine
906 1227 1052 1306 impensis
1074 1229 1153 1290 enim
1176 1247 1265 1308 posse
1286 1224 1398 1308 effici),
1444 1247 1446 1304 ι

269 1329 490 1392 tabernaculum
520 1337 566 1389 est
594 1345 702 1388 nomen
734 1327 817 1402 eluar
848 1328 995 1407 agitedum
1018 1329 1237 1408 obsequimini!
1265 1330 1400 1390 Aetatem

266 1437 459 1509 unusquisqne
485 1439 678 1506 properanter
700 1433 760 1488 abit
787 1433 916 1505 facitque
946 1433 1159 1491 tabernaculam
1188 1435 1220 1492 a'n
1248 1441 1320 1490 tecto
1349 1436 1399 1490 da-

268 1553 330 1593 mus
353 1552 423 1592 euna
446 1542 472 1590 et
494 1541 611 1592 sanctus
640 1535 803 1590 benedictas
826 1536 959 1606 denigrat
981 1551 1030 1590 eoa
1057 1536 1162 1592 ardore
1184 1535 1280 1608 qualia
1301 1543 1346 1592 eet
1366 1538 1401 1592 iu

268 1639 394 1694 auletitt'o
420 1636 504 1692 danii
531 1643 560 1690 et
590 1637 719 1707 quispna's
747 1635 847 1706 pedem
873 1637 1021 1708 supplebit
1049 1644 1133 1710 atque
1160 1638 1228 1694 ectr.
1271 1629 1311 1696 5³
1339 1645 1400 1695 *trra

267 1731 369 1799 aneta
397 1745 497 1814 aaaron
526 1713 637 1813 risiare
667 1746 711 1793 ua
742 1743 836 1796 una:
863 1744 946 1796 nme
976 1744 1077 1796 narra
1105 1729 1201 1818 abana
1228 1729 1299 1796 'anu
1330 1747 1401 1796 nnn

268 1849 367 1900 ‚anau
397 1845 513 1897 aneae:
540 1845 629 1896 aran
660 1845 740 1896 unna
768 1848 834 1898 ann
863 1830 918 1897 har
949 1848 1023 1899 uun
1054 1848 1181 1917 nerana
1205 1848 1278 1900 nnn
1322 1835 1402 1898 laam
1446 1795 1447 1890 i

268 1946 299 2003 in
320 1941 460 2020 precibus
483 1938 519 2000 ad
539 1938 595 1998 hcc
617 1938 727 1999 leston
749 1939 779 1999 in
803 1956 951 2016 synagoga
971 1939 1124 2000 destinatis
1143 1940 1295 2000 mentione
1315 1939 1403 2000 eius·
1446 1937 1447 1948 ’

268 2041 335 2104 dem
358 2042 450 2103 diriul
473 2039 602 2101 mandati
625 2040 699 2100 lacta
721 2040 856 2118 pergitur
877 2039 1047 2102 umbracula
1071 2041 1200 2104 iacturas
1230 2059 1298 2103 cese
1323 2059 1401 2119 geu-

267 2143 347 2206 lilee.
390 2147 427 2202 Et
447 2146 547 2219 feruor
568 2145 672 2215 (solia)
695 2146 777 2201 ardet
800 2160 887 2217 anper
907 2161 956 2200 eos
979 2154 1006 2201 et
1027 2148 1239 2218 inflammantur
1260 2155 1287 2204 et
1308 2148 1402 2218 pedes

269 2252 450 2324 supplodant.
495 2247 618 2306 Sanctus
638 2249 758 2320 effundit
779 2250 811 2304 a‘n
832 2263 881 2303 eos
896 2249 1040 2322 servarem
1062 2249 1157 2320 (trae)
1178 2256 1206 2304 et
1226 2249 1326 2306 deiicit
1348 2265 1401 2304 eos

268 2353 475 2425 ingelrannum
503 2352 566 2406 aine
588 2351 789 2406 misericordia
811 2351 849 2406 ad
870 2351 990 2421 pradum
1017 2351 1143 2423 infinum
1165 2366 1226 2406 ean
1244 2351 1401 2422 perturbo
1447 2405 1448 2430 .

268 2459 352 2514 trena
397 2461 494 2538 aanor
519 2461 601 2530 caup
628 2460 720 2511 auam
744 2443 897 2511 ambrum
920 2443 1030 2512 anabi
1054 2443 1155 2512 aaran
1185 2459 1277 2528 aurp
1306 2457 1401 2510 nuni

267 2567 419 2624 urrunnu
461 2565 589 2620 namna
625 2564 735 2616 neum
774 2549 837 2615 aba
874 2561 986 2616 naras:
1024 2549 1125 2615 eben
1165 2563 1252 2614 rrum
1293 2546 1402 2612 narba

269 2675 415 2728 ‚murmuri
459 2662 522 2720 lmo
546 2677 634 2731 vero,
665 2658 706 2718 ait
727 2655 896 2734 apostolus,
926 2653 964 2718 οὐ
991 2651 1033 2738 μὴ
1063 2655 1141 2738 πέσῃ
1167 2651 1212 2718 ἐπ’
1240 2649 1357 2725 αὐτοὺς
1384 2649 1403 2712 ὅ

265 2757 353 2846 ἣλιος
371 2759 443 2827 οὐδὲ
464 2762 528 2825 πᾶα
550 2764 670 2840 καῦμα,
693 2760 769 2820 deus
793 2759 873 2820 enim
896 2759 962 2836 ipae
985 2767 1031 2820 est
1052 2771 1155 2820 eorum
1177 2757 1401 2820 umbraculum.

369 2913 475 2992 Magna
497 2913 587 2990 igitur
610 2932 643 2974 aa
672 2911 771 2973 divina
795 2920 858 2973 arte
887 2921 968 2973 vates
998 2920 1066 2990 past
1096 2911 1402 2974 formidolosissimae

267 3013 396 3076 iustitiae
426 3013 578 3092 punientis
607 3020 798 3090 tempestates
829 3011 962 3090 depinxit
992 3011 1038 3072 dei
1070 3030 1142 3090 erga
1164 3031 1234 3074 snos
1263 3031 1402 3074 amorem
1448 3043 1449 3102 ι

261 3114 478 3178 suavissimum
502 3121 533 3174 ut
554 3112 694 3192 perlectis
718 3113 863 3193 capitibus
885 3123 968 3174 sexto
992 3121 1022 3173 et
1042 3113 1168 3192 septima
1191 3133 1257 3174 cum
1282 3113 1403 3175 Thema
1447 3109 1449 3186 j

266 3219 303 3279 de
326 3217 435 3298 Celanp
466 3216 564 3277 dicas:
592 3215 653 3277 llex
684 3217 857 3277 tremendae
885 3215 1047 3276 maiestatis
1072 3215 1128 3290 Qui
1154 3215 1311 3277 salvandos
1338 3215 1403 3276 sal·
1447 3197 1449 3272 i

265 3336 316 3380 vas
340 3318 431 3400 gratis
456 3351 497 3360 -
520 3317 606 3378 Salva
627 3336 674 3378 me
697 3319 764 3379 lons
787 3317 916 3396 pietatis.

369 3472 607 3552 Progrediamur.
650 3471 718 3534 Kal
739 3463 813 3534 ὅταν
834 3466 954 3552 ἤνοιξαν
972 3463 1026 3550 τὴν
1050 3463 1203 3550 σφραγῖδα
1225 3462 1278 3548 τὴν
1302 3461 1404 3548 ἑβδό·
1447 3471 1449 3512 t

265 3597 325 3657 pap
354 3575 471 3652 ἐγένετο
503 3570 573 3655 σιγὴ
604 3574 635 3636 ἐν
660 3575 703 3654 τῷ
727 3564 849 3651 οὐρανῷ
874 3567 915 3643 ὠς
935 3566 1093 3652 inemptos.
1134 3565 1298 3630 Silentium
1322 3567 1404 3628 mire

264 3676 403 3737 imbros.
434 3675 471 3736 de
500 3693 572 3753 pace
601 3673 724 3751 Augusti
755 3673 882 3750 explicat
910 3691 998 3752 quam
1020 3673 1097 3734 Nera
1117 3670 1339 3750 ‚persecutione
1370 3673 1406 3734 iu

263 3775 422 3838 ecelesiam
445 3774 590 3836 concitata
613 3773 773 3852 abruperit.
818 3773 938 3834 Aloasar
968 3771 1004 3833 de
1027 3772 1145 3834 silentio
1168 3772 1344 3834 attentionis
1369 3783 1406 3836 ut

264 3888 321 3941 aet.
344 3877 421 3948 Xlll,
445 3875 474 3937 6.
497 3875 578 3949 ΧΙΧ,
600 3874 651 3936 33.
674 3874 750 3949 ΧΧΙ,
773 3872 815 3935 40
838 3873 938 3953 (491),
961 3881 1063 3952 pastea
1085 3873 1122 3934 de
1143 3871 1281 3951 patientia
1302 3869 1404 3956 (uon.
1448 3889 1449 3902 ³

255 3983 314 4057 XI,
340 3981 389 4044 14.
412 3977 493 4061 Lat.)
515 3979 751 4043 Christianarum
775 3977 994 4058 primitivorum
1017 3993 1085 4037 cum
1106 3975 1137 4036 lri
1160 3975 1230 4036 inde
1253 3992 1270 4034 a
1296 3993 1325 4035 c.
1348 3975 1405 4038 lv.
1447 3983 1449 4014 ³

264 4083 320 4146 aab
341 4082 414 4144 caeli
435 4080 563 4160 imagine
586 4081 657 4143 dicti
680 4080 749 4141 sint.
768 4079 771 4084 ’
793 4083 867 4139 Pene
889 4081 1084 4154 incredibilem
1107 4081 1289 4138 tolerantiam
1310 4097 1408 4154 quan

262 4187 362 4260 fideles
384 4187 542 4243 babuerunt
563 4187 595 4241 r'n
616 4185 801 4243 amarissima
821 4184 1018 4256 persecutione
1041 4183 1180 4264 obteratur
1202 4187 1290 4236 semet
1313 4183 1407 4254 ipson
1446 4193 1449 4270 j

263 4307 282 4346 α
300 4290 423 4346 Judaair
452 4289 579 4345 cecitate
605 4303 659 4363 per
686 4282 881 4363 quadraginta
909 4300 1004 4344 annus
1034 4281 1070 4342 de
1101 4280 1210 4360 quibus
1231 4278 1347 4342 Paulus
1382 4279 1406 4342 2
1447 4345 1449 4352 ,

262 4387 314 4453 Co.
342 4387 397 4463 IV,
427 4385 486 4449 17:
522 4383 558 4450 ab
583 4388 759 4468 παραυτίκα
788 4379 920 4467 ἐλαφρὸν
951 4383 1005 4467 τῆς
1033 4381 1175 4468 θλίψεως
1204 4376 1293 4464 ἡμῶν
1328 4377 1405 4468 neb.
1448 4373 1449 4380 '
