2900 5054
821 333 863 398 .

273 498 427 565 1551515515
454 499 586 578 amplexa
616 508 696 563 esset
724 502 809 565 tecit:
839 505 1395 589 15555515551555155551555555-

275 605 322 667 nis
346 611 498 681 grassante
518 606 595 665 tame
611 605 694 666 eibos
716 607 877 670 distribuit.
923 609 1007 673 Unde
1037 611 1062 673 si
1092 629 1199 674 nexum
1222 613 1394 675 narrationis
1434 633 1435 696 p

274 705 442 783 respexeris
465 722 523 766 555
544 707 658 784 potoris
681 709 817 770 derivare
840 729 986 774 annonam
1017 715 1074 776 iam
1098 715 1154 778 sub
1183 707 1270 778 Vade
1294 717 1393 778 tuisse.

273 807 367 867 Porro
389 825 447 867 non
471 808 581 870 aoeidit
608 817 675 871 ante
698 827 806 873 annum
836 811 887 874 45.
934 815 988 876 1115
1007 816 1094 877 ¹enim
1123 817 1268 897 otgesimo
1296 828 1394 881 oeuro

272 909 386 970 mensis
408 909 487 970 Iunii
512 911 580 971 anni
603 909 644 970 45
669 914 954 996 Cuspiusnondum
976 918 1106 982 Iudaeae
1134 929 1328 1001 proouratura
1347 923 1395 984 ab·

271 1024 421 1076 seesserat
445 1015 497 1086 (51.
532 1015 675 1077 1111555155
706 1019 815 1080 Cbron.
846 1021 873 1086 d.
898 1030 992 1101 apost.
1024 1023 1096 1085 Zeit.
1124 1045 1152 1104 p.
1180 1023 1274 1104 158);
1306 1027 1395 1088 tames

270 1134 341 1180 aero
364 1118 442 1180 eirca
460 1119 569 1196 paseha
587 1121 759 1197 gravissima
780 1133 843 1184 erat
867 1123 991 1198 (1555.
1010 1109 1077 1199 XX,
1096 1126 1132 1201 2,
1147 1129 1176 1188 6.
1197 1131 1256 1200 ΙΙΙ,
1281 1123 1337 1202 15,
1354 1130 1394 1204 3).
1434 1159 1435 1180 r

271 1226 443 1303 Quanquam
462 1223 551 1302 igitur
572 1223 637 1286 11551
661 1225 755 1303 potuit
782 1234 813 1286 nt
836 1227 893 1288 iam
924 1238 1050 1290 exaurata
1079 1247 1155 1290 anno
1178 1228 1219 1290 45
1242 1231 1394 1310 inciperet,
1434 1257 1435 1312 3

270 1327 825 1390 555155515555555555151555555.
872 1331 970 1404 Quare
997 1349 1056 1393 non
1088 1331 1271 1394 definiverim
1300 1342 1395 1394 utrum
1434 1331 1435 1334 ’

270 1429 326 1490 viri
346 1427 389 1488 1111
408 1427 486 1487 docti
509 1427 583 1487 XXV
607 1446 683 1506 quos
709 1429 739 1490 in
755 1429 851 1490 tabula
874 1431 1111 1494 svnebronistioa
1135 1435 1171 1495 de
1184 1435 1267 1497 Pauir
1290 1435 1396 1496 itinere

269 1532 400 1593 seeundo
430 1529 613 1590 Wieselerus
646 1532 762 1592 oontert
791 1532 900 1610 quibus
929 1534 1043 1594 aceedit
1072 1537 1206 1615 etipse,
1238 1538 1397 1598 reeteiter

269 1613 342 1694 iliud
365 1629 400 1691 ad
429 1630 537 1691 iratres
565 1631 651 1692 tamis
681 1641 815 1710 tempore
841 1644 962 1712 egentes
992 1635 1174 1698 adiuvandus
1196 1637 1306 1698 1551555
1332 1647 1396 1699 5515

269 1755 377 1798 annum
401 1733 636 1813 salassorum,
665 1753 701 1796 an
733 1736 827 1797 maior
854 1736 928 1798 fides
951 1737 1083 1800 habenda
1113 1740 1152 1800 sit
1182 1741 1327 1804 55555155
1347 1759 1394 1820 pa·

268 1839 360 1902 sehali
389 1856 517 1918 quocum
548 1839 697 1899 consentit
723 1837 925 1900 Sueskindus:
953 1849 1067 1918 ponunt
1096 1841 1177 1902 enim
1206 1857 1318 1902 annum
1345 1842 1392 1902 to.

268 1945 332 2005 IIoo
354 1950 451 2003 tamen
474 1942 536 2002 5551
562 1941 690 2002 sImiIius
714 1959 781 2002 esse
802 1942 918 2004 vitetur
948 1961 1014 2004 5555
1036 1945 1184 2023 Iosephus
1207 1946 1330 2006 nonita
1354 1946 1394 2006 15-
1434 1949 1435 2008 1

269 2056 377 2130 quatur
404 2046 490 2128 quasi
520 2045 638 2124 longius
668 2053 736 2105 ante
771 2047 878 2124 5555155
910 2045 982 2106 iilud
1010 2047 1103 2108 fames
1135 2049 1292 2110 duraverit.
1351 2048 1396 2110 tit

268 2155 347 2215 enim
381 2151 465 2230 (XX,
482 2148 526 2223 2,
551 2149 586 2226 6)
616 2149 746 2210 Helenae
774 2149 901 2210 adventu
934 2149 1008 2210 nibil
1035 2153 1231 2229 opportunius
1259 2153 1395 2232 potuisse

266 2255 402 2316 accidere
430 2251 647 2313 Jerusalemitis
683 2253 759 2312 tame
797 2252 899 2314 urbem
933 2253 1064 2331 ipsorum
1101 2249 1180 2321 κατὰ
1206 2253 1262 2322 τὸν
1287 2257 1396 2338 καιρὸν

266 2363 378 2423 ἐκεῖνον
401 2364 554 2436 premente
577 2356 605 2416 b.
633 2373 658 2415 e.
683 2356 763 2416 eirea
785 2364 903 2434 tempus
927 2356 994 2418 testi
1016 2357 1096 2419 iltius
1120 2358 1201 2419 brevi
1224 2367 1292 2420 ante
1317 2379 1396 2422 mes-

266 2479 340 2522 sem.
385 2457 457 2520 Post
479 2475 587 2520 555555
609 2455 651 2518 48
675 2475 746 2518 5555
770 2458 912 2520 descendi
943 2460 1045 2540 nequit
1072 2479 1138 2520 cum
1166 2461 1222 2523 boo
1252 2462 1321 2541 ipso
1346 2463 1395 2522 Ti-

266 2567 368 2629 berius
390 2564 556 2626 Alexander
578 2582 593 2622 a
611 2571 803 2640 procuratum
825 2563 982 2624 devoratus
1006 2563 1053 2624 sit.

368 2663 510 2724 Memorat
531 2663 639 2724 vietum
664 2663 791 2723 maxime
815 2681 1023 2724 communem:
1046 2675 1133 2728 σῖτον
1151 2659 1265 2750 κριθὴν
1286 2667 1397 2734 ἔλαιον

267 2763 361 2829 515555.
405 2760 448 2824 Ex
467 2764 577 2844 quibus
593 2763 692 2825 oleum
710 2763 846 2824 etiamad
863 2765 1034 2842 ungendum
1051 2774 1080 2826 et
1094 2767 1325 2830 illuminandum
1344 2772 1395 2831 ad·

265 2865 429 2928 hibebatur
476 2865 611 2938 Ziroch
631 2865 649 2926 1.
668 2865 746 2926 idern
770 2875 817 2928 est
839 2869 919 2947 quod
941 2863 1042 2948 πυρός
1057 2869 1107 2946 qui
1127 2869 1200 2930 aiias
1213 2885 1282 2930 eum
1299 2876 1394 2962 κριθῇ

266 2970 321 3033 sub
342 2967 462 3030 notione
479 2955 565 3032 σίτου
587 2969 857 3048 comprehenditur.
904 2973 1048 3043 Quattuor
1067 2972 1115 3032 1115
1131 2973 1178 3034 551
1194 2978 1396 3054 eomprehen-

266 3075 308 3138 sis
332 3071 448 3134 duobus
471 3069 526 3132 1515
549 3089 637 3149 saepe
668 3089 724 3132 555
753 3077 963 3131 memorantur.
1016 3071 1103 3132 Philo
1132 3073 1174 3146 11,
1198 3071 1279 3137 249:
1296 3072 1398 3144 “oras

264 3171 460 3308 oinopssupror'
473 3195 548 3246 τινες
564 3167 624 3238 ἀπὸ
639 3167 752 3242 παντὸς
763 3172 873 3249 μέρους
886 3164 1015 3254 κτήσεως
1028 3172 1146 3255 555555
1156 3174 1271 3255 κριθάς
1285 3177 1397 3244 astarot

265 3277 349 3345 οἶνον
368 3303 406 3342 τα
393 3271 575 3340 κάλλιστα
597 3273 657 3338 τῶν
677 3265 913 3354 ἀκροδρύων,
901 3276 1007 3337 555555
1029 3280 1090 3340 τῶν
1112 3273 1243 3350 ζώων
1211 3303 1250 3342 ror
1273 3275 1399 3363 saporab-

264 3374 392 3460 τοκαᾶρ
377 3399 498 3460 ρ’ρειικα
521 3375 584 3440 κτλ.
626 3373 809 3454 Resptottad
824 3374 878 3439 Nu
895 3373 1066 3450 Χ11111,12.
1083 3375 1138 3438 13:
1161 3380 1249 3442 πᾶσα
1270 3376 1433 3503 pinappr'p

262 3465 366 3551 515155
395 3479 447 3548 uoti
473 3479 561 3546 55155
590 3475 712 3564 ἄπαρχη
743 3479 964 3555 5155551555
994 3477 1117 3602 ἀπαρχὴ
1146 3477 1245 3546 αὐτων
1270 3475 1334 3548 'o'oa
1361 3451 1433 3549 55151

264 3587 403 3652 δῶσι
362 3614 403 3670 τῳ
423 3591 532 3704 κυρίῳ,
552 3607 599 3648 555
592 3579 803 3647 bibano
763 3580 853 3645 αοτά·
875 3580 914 3647 τὰ
929 3579 1201 3668 πρωτογεννὴματα
1217 3579 1322 3648 πάντα
1338 3579 1400 3651 355

262 3689 295 3752 ἓν
316 3689 355 3778 τῇ
375 3689 415 3775 γῇ
441 3683 541 3750 αὐτῶν
568 3676 626 3747 ὅσα
654 3679 693 3746 o'ir
719 3684 864 3760 ἐνέγκωσι
892 3690 999 3766 κυρίῳ,
1027 3685 1075 3749 σοὶ
1101 3687 1196 3750 ibana.
1241 3685 1279 3750 Et
1303 3689 1398 3758 Dent

261 3785 371 3862 XVIII,
388 3785 427 3848 4:
450 3780 508 3858 τοὶς
530 3779 669 3873 ἅπᾳρχὰς
689 3785 744 3848 τοῦ
765 3789 853 3849 σίτου
876 3806 932 3848 σου
946 3785 996 3851 καὶ
1016 3787 1074 3850 τοῦ
1089 3788 1177 3851 οἴνου
1189 3811 1244 3852 σου
1261 3792 1317 3854 καὶ
1341 3795 1402 3856 τοῦ

261 3889 368 3955 ἐλαίου
398 3911 453 3952 σου
480 3885 530 3952 καὶ
558 3879 613 3968 τὴν
640 3882 782 3970 ἀπαρχήν
815 3887 875 3949 τῶν
903 3883 1020 3966 κούρων
1048 3891 1109 3952 τῶν
1137 3888 1303 3972 προβάτων
1338 3921 1402 3961 σου

263 3988 371 4066 δώσεις
392 3988 476 4074 αὐτῷ
494 3989 546 4072 [τῷ
567 3989 669 4070 iopen„
705 3993 779 4051 Item
804 3989 886 4052 Dent.
911 3991 1034 4063 varta
1063 3992 1199 4056 laudatur
1215 4001 1294 4058 terra
1321 4015 1400 4077 pro·

261 4092 432 4157 missionis:
452 4092 492 4176 γῆ
513 4094 614 4171 nuperi
636 4089 687 4154 καὶ
710 4093 841 4173 κριθῆς,
866 4086 996 4171 ἄμπελοι
1017 4101 1110 4158 ovant
1130 4090 1218 4172 poni,
1238 4097 1279 4178 γῆ
1302 4093 1401 4164 5151-

261 4213 300 4270 55
320 4192 424 4259 ἐλαίου
437 4195 489 4258 uui
501 4189 631 4274 μέλιτος.
660 4191 713 4265 XI,
729 4190 777 4253 14.
792 4191 860 4266 XII,
876 4191 923 4253 17.
940 4192 1012 4265 XIV,
1025 4190 1078 4253 211.
1094 4193 1198 4268 XVIII,
1209 4195 1238 4256 4.
1258 4196 1398 4275 XXVIII,

262 4290 412 4373 almam
435 4292 652 4373 5155511555.
697 4295 878 4356 1155551551
902 4293 928 4368 l,
955 4291 1080 4370 111(5151
1103 4311 1130 4356 5.
1149 4294 1197 4357 ll.
1221 4304 1327 4380 πυροῦ
1344 4299 1398 4366 reni

260 4399 396 4486 κριθῆς).
449 4397 495 4474 Π,
523 4395 571 4462 19.
603 4396 655 4460 Os.
678 4399 725 4474 11,
747 4395 800 4460 111.
824 4394 875 4459 24.
905 4395 941 4458 51.
965 4395 1052 4460 Philo
1080 4399 1125 4474 II,
1155 4396 1235 4486 39115
1265 4401 1396 4468 555555-
