2900 5054
603 353 644 420 19

44 532 87 587 tur
107 541 200 604 equos
223 529 256 586 ut
274 523 451 586 Christianis
465 528 566 603 parcat
591 541 629 584 ne
650 521 770 586 ludaeis
793 522 890 584 oleum
913 529 942 586 et
962 522 1066 585 vinum
1087 521 1170 586 desit

43 627 147 705 oucibus
169 628 271 706 plagas
293 628 394 688 lovere
415 635 445 689 et
467 646 572 690 curare
595 627 713 705 possint
731 635 819 706 atque
842 629 922 689 unde
948 629 1044 690 lucem
1063 627 1167 707 cogni-

42 731 129 792 tionis
153 739 183 792 et
205 731 295 792 animi
320 730 524 794 tortitudinem
546 729 703 809 accipiant.

141 899 199 960 Sed
230 918 289 961 non
320 901 522 979 resipuerunt.
575 902 672 973 Quare
708 899 831 962 solvitur
857 895 990 978 ¹sigillum
1019 908 1166 981 quartum.

45 1000 105 1064 Καὶ
128 999 211 1065 εἶδον
232 1002 283 1068 καὶ
305 999 373 1065 ἰδοὺ
395 1005 489 1073 ἵππος
509 993 623 1084 χλωρὸς
640 1000 690 1066 καὶ
711 998 729 1064 ὃ
752 993 930 1085 καθήμενος
952 998 1053 1064 ε’πάνω
1074 999 1168 1065 αὐτοῦ

43 1097 138 1180 ὄνομα
161 1099 246 1184 αὐτῷ
271 1101 286 1164 ὁ
310 1097 459 1175 θάνατος.
506 1102 599 1175 Quam
628 1109 755 1162 mortem
784 1102 904 1163 Grotius
925 1106 1121 1178 pestilentiam
1142 1113 1168 1160 et

41 1207 150 1260 morbos
171 1207 303 1279 letiferos
334 1203 413 1264 dicit.
458 1215 522 1290 53]
551 1203 627 1282 apud
656 1198 688 1265 0'
716 1201 859 1275 θάνατος
885 1203 939 1264 Ex.
958 1204 990 1274 V,
1010 1203 1039 1265 3.
1063 1203 1113 1274 IX,
1137 1201 1166 1264 9.

42 1302 125 1364 Dent.
148 1304 278 1378 XXVlll,
302 1303 354 1368 21.
377 1305 484 1365 Ezech.
508 1302 706 1379 xxx111,27.
728 1304 802 1379 XIV,
828 1304 878 1368 19.
902 1308 945 1367 Cl,
969 1325 1050 1384 apoc.
1064 1307 1168 1381 XVlll,

41 1402 68 1464 8.
91 1405 282 1467 wentanus:
315 1411 364 1465 din
391 1411 507 1467 duravit
527 1411 620 1483 sontes
648 1413 722 1466 oncle
742 1412 834 1467 morbi
857 1411 1022 1466 oriebantur
1050 1408 1169 1486 [saepe-

41 1523 163 1567 numero
184 1507 214 1566 in
229 1507 382 1586 Sibyllinis
405 1508 555 1570 coniuncti
578 1507 662 1589 λιμοὶ
684 1507 733 1573 καὶ
755 1505 868 1588 λονμοί]
898 1518 924 1567 et
947 1511 1103 1569 latrocinia
1117 1513 1168 1568 sub
1275 1569 1280 1575 .

39 1611 134 1669 Felice
163 1613 248 1669 Festo
277 1611 380 1670 Albino
404 1623 430 1671 et
459 1614 555 1671 Floro.
584 1615 646 1674 Jos,
666 1615 699 1670 Β.
717 1613 762 1684 ΙΙ,
786 1609 837 1684 lt,
860 1608 896 1670 2:
929 1607 981 1674 διὰ
1011 1614 1087 1688 γοῦν
1114 1608 1170 1695 τὴν

41 1712 153 1773 ἐκείνου
174 1711 345 1787 πλεονεξίαν
365 1710 468 1786 πάσας
490 1715 686 1798 ἐρημωθῆναι
699 1714 812 1795 συνέβη
834 1710 888 1786 τὰς
910 1716 1085 1797 τοπαρχίας.
1131 1713 1167 1773 3:
1219 1753 1220 1758 κ

40 1807 92 1876 τὸν
125 1815 262 1894 λυμεῶνα
296 1819 348 1899 τῆς
383 1818 482 1898 χῶρος
511 1813 647 1892 Φλῶρον
676 1808 895 1896 ἐκεκράμενσαν.
956 1813 1169 1892 Harenbergus

38 1937 65 1996 p.
86 1916 161 1980 267.
193 1919 240 1979 bic
270 1919 401 1998 repperit
436 1918 483 1978 die
514 1916 691 1995 grinninigen
719 1915 829 1992 Plagen
859 1915 971 1976 welche
1003 1924 1091 1976 unter
1117 1915 1171 1976 der

39 2021 211 2100 llogierun'g
234 2021 287 2081 des
309 2001 395 2080 Nero⁸
419 2018 458 2080 irn
483 2019 620 2100 gelobten
644 2019 747 2079 Lande
770 2016 863 2077 durch
888 2017 935 2077 die
964 2016 1169 2094 Landplleger‚

40 2125 96 2186 oen
135 2125 285 2186 Cumanus
323 2124 406 2184 Felix
442 2123 551 2184 Festus
587 2121 715 2182 Albinus
746 2119 852 2179 Florus
883 2116 942 2178 und
972 2116 1169 2195 Vespasianus

41 2229 98 2289 den
132 2229 219 2288 l'ater
254 2228 401 2306 gewbtbel
437 2225 544 2286 baben.
589 2224 759 2286 llerderus:
800 2221 861 2280 Von
898 2219 1170 2280 strassenrauboon

40 2332 204 2394 wirnrnclte
235 2331 287 2392 das
315 2329 408 2412 Laod.
464 2327 610 2388 llnntaxat
639 2323 805 2386 accuratius
834 2339 892 2382 non
924 2319 1079 2381 latrocinia
1117 2317 1170 2380 sed

40 2436 268 2498 interfectiones
297 2433 480 2512 significatae
499 2417 577 2491 sunt.
622 2430 703 2501 Quae
732 2424 862 2504 primum
886 2423 942 2482 sub
964 2423 1095 2482 Cumano
1118 2439 1168 2480 an-

39 2538 143 2602 nobil
174 2547 398 2619 procuraturum
429 2517 593 2612 accipiente
628 2525 800 2603 (Wieselor.
824 2524 843 2584 l.
867 2541 893 2582 c.
916 2540 945 2601 p.
970 2520 1023 2596 68)
1053 2520 1171 2580 accide—
1220 2598 1223 2602 Ι

40 2655 128 2708 runt:
155 2643 332 2704 ludaeorum
357 2649 489 2717 ternpore
513 2637 589 2696 lesio
613 2621 691 2694 circa
715 2628 859 2708 templum
882 2619 1095 2703 oppressio*),
1117 2621 1172 2683 Sa-

41 2749 255 2810 maritanorum
278 2761 441 2804 concursus
471 2757 539 2801 cuim
569 2734 684 2796 ludaeis
716 2740 744 2793 et
775 2747 850 2810 quoe
881 2725 950 2786 inde
979 2733 1079 2785 secuta
1103 2730 1173 2784 sunt

40 2854 116 2934 (los.
139 2851 173 2912 A.
196 2849 257 2922 XX,
281 2846 338 2922 6.).
382 2845 475 2904 Porro
505 2848 661 2919 postquam
691 2835 838 2895 Neronem
869 2829 904 2890 ad
934 2827 1094 2907 imperium
1122 2847 1172 2888 ac-

41 2957 177 3019 cessisse
198 2951 280 3022 dixit,
303 2949 340 3009 ita
361 2946 441 3008 idern
462 2949 562 3004 narrat
583 2937 729 3016 losepbus
752 2932 807 3008 (ib.
832 2929 863 3003 8,
879 2926 943 3002 b.):
967 2925 1016 2990 Τὰ
1038 2923 1073 2989 ot
1094 2922 1173 2990 uacci

40 3057 99 3144 την
119 3053 277 3124 'lovinion
300 3043 468 3132 πράγματα
490 3040 567 3124 πρὸς
587 3037 624 3106 τὸ
646 3048 747 3127 χεῖρον
767 3033 816 3101 ἀεὶ
842 3029 897 3117 τὴν
920 3026 1057 3094 ἐπίδοσιν
1079 3023 1172 3106 ε’λάμ-

39 3171 128 3248 βανε.
154 3160 338 3241 Λῃστηρίων
357 3151 417 3236 γὰρ
440 3149 458 3233 ἦ
482 3151 563 3232 χῶρο
584 3139 681 3212 πάλιν
703 3133 889 3222 ἀνεπλήσθη
904 3130 954 3198 καὶ
977 3125 1098 3212 γοήτων
1116 3124 1174 3191 ἇν-

40 3231 194 3350 θρώττωνΙ
209 3265 240 3325 c‘i
261 3255 312 3321 τὸν
335 3253 426 3340 ὄχλον
447 3245 579 3336 ἠπάτων.
620 3237 717 3311 ’Atti
739 3237 854 3306 τούτων
871 3236 926 3316 μὲν
948 3233 964 3298 ὃ
983 3229 1085 3316 Φῆλιξ
1108 3231 1172 3311 [qui

23 3322 123 3428 'auno
149 3359 188 3422 53
208 3367 329 3422 secutus
346 3365 400 3418 est.
425 3355 469 3416 cf.
491 3350 646 3412 Wieseler.
666 3365 695 3425 p.
716 3343 781 3417 bl]
805 3333 939 3409 πολλοὺς
961 3328 1037 3399 καθ’
1058 3331 1175 3417 ἡμέραν

41 3463 176 3548 ἑκάστην
199 3458 254 3524 σὺν
276 3468 342 3531 τοῖς
358 3456 485 3550 λησταῖς
499 3445 664 3531 λαμβάνων
686 3439 792 3536 ἀνῄρει
813 3439 876 3502 τττλ.
922 3437 965 3498 Cl.
987 3437 1050 3496 not.
1072 3434 1173 3506 XXlV,

41 3571 71 3631 3.
97 3569 195 3628 Porro
211 3562 294 3623 Felix
312 3577 366 3639 per
381 3555 506 3618 sicarios
523 3547 671 3612 interfecit
684 3543 875 3608 lonatbanem
898 3537 1079 3618 pontificem.
1110 3533 1174 3598 'Ao-

41 3659 204 3751 εκνλτκῆτου
217 3660 251 3728 δὲ
266 3665 320 3726 τοῦ
336 3653 433 3740 φόνου
453 3649 654 3738 μεμενηκότος
673 3643 749 3731 μετὰ
769 3639 871 3725 πάσης
889 3638 924 3705 τὸ
944 3633 1058 3706 λοιπὸν
1071 3631 1176 3712 ἀδείας

38 3772 265 3855 ἀναβαίνοντες
289 3767 322 3828 ἓν
342 3770 407 3837 ταῖς
430 3761 551 3842 ἑορταῖς
573 3759 603 3819 oi
630 3749 739 3845 λησταλ
765 3747 816 3812 καὶ
838 3739 892 3808 τὸν
914 3740 1042 3824 σίδηρον
1065 3737 1175 3820 ὁμοίως

39 3869 248 3953 κεκρυμμένον
270 3866 389 3948 ἔχοντες
410 3849 706 3937 συναναμιγνύμενοι
725 3857 792 3919 τοῖς
806 3838 960 3928 πλήθεσιν
971 3835 1103 3928 ἀνῄρουν
1123 3834 1177 3955 clip

39 3973 99 4056 μὲν
118 3969 233 4034 ἑαυτῶν
246 3959 379 4052 ἐχθροὺς
395 3954 447 4032 οὓς
469 3955 502 4021 δὲ
524 3957 575 4020 ἐπὶ
595 3947 742 4041 χρήμασιν
765 3945 870 4017 ἄλλοις
892 3940 1118 4024 ὑπηρετοῦντες,
1141 3959 1178 4001 ου

38 4065 143 4156 μόνον
162 4061 241 4130 κατὰ
262 4058 427 4151 oiseii-lna
441 4049 533 4124 πόλιν
554 4049 633 4121 ἄλλα
655 4044 801 4114 καὶκατὰ
822 4041 857 4109 τὸ
880 4038 962 4124 ῖερόν
983 4041 1095 4114 ἐνίους·
1126 4033 1176 4102 καλ

155 4317 182 4384 ⁸)
200 4319 249 4368 los.
267 4317 321 4378 llll,
340 4319 371 4376 b,
389 4305 597 4376 συμποσίου
615 4305 691 4365 affert,
708 4301 735 4352 B.
753 4297 782 4360 ll,
801 4298 843 4358 12,
863 4296 887 4346 1.
913 4293 994 4344 decem
1014 4288 1097 4342 millia.
1123 4285 1177 4337 Tri·

39 4412 113 4476 ginta
133 4405 250 4464 Eusebius
268 4403 291 4456 b.
304 4417 326 4456 o.
347 4400 376 4466 11,
395 4400 428 4452 19
446 4399 548 4451 tortasse
567 4406 595 4450 ex
613 4397 713 4454 utroque
733 4384 774 4438 illo
790 4383 844 4438 loco
862 4378 980 4432 conflavit.

922 4459 1014 4530 2³¹⁸·
