2900 5054
618 317 788 427 aa*

70 527 153 590 tiam.
197 525 247 588 Vel
275 525 374 606 potius
397 525 585 607 prophetiam
615 535 646 590 et
676 527 788 606 legem,
818 543 884 590 naar
914 523 1070 616 prophetia
1098 529 1203 594 maiori

69 626 213 690 luminari
237 635 433 706 comparatur,
463 627 512 688 lex
535 627 643 692 minori
668 628 748 708 quod
770 627 807 688 ah
830 627 880 688 illo
902 627 998 690 lucem
1013 629 1123 709 accipit
1143 632 1203 694 sic-

68 736 104 791 ut
127 728 283 808 prophetia
310 736 374 791 erat
396 735 463 790 ante
485 729 599 807 legem:
624 727 769 792 Abraham
787 727 864 790 enim
889 728 954 806 lpse
971 729 1116 808 propheta
1141 739 1205 794 erat

71 827 165 910 (Gen.
186 828 256 901 XX,
281 827 312 906 λ)
337 836 365 890 et
387 847 403 888 a
425 847 541 892 summo
562 828 688 908 quodam
715 828 857 907 propheta
879 829 946 891 data
969 837 1016 891 est
1037 830 1096 892 lex.
1141 823 1203 895 Soli

72 929 228 1009 prophetia
252 937 440 1008 comparatur
471 929 501 988 in
523 929 667 990 Clamant.
691 927 771 990 hcm.
795 928 837 1000 11,
860 927 897 988 6:
928 931 1018 992 τοῦτο
1038 923 1098 1010 γὰρ
1128 957 1204 1012 προ-

70 1025 173 1115 φήτου
195 1028 278 1097 ἴδιον
305 1028 340 1094 τὸ
362 1025 419 1114 τὴν
438 1025 592 1113 ἀληθειαν
613 1020 738 1113 μηνίοιν
764 1019 862 1113 ὥσπερ
885 1026 974 1111 ἡλίου
998 1027 1078 1094 ἴδιον
1099 1029 1132 1096 τί
1152 1034 1205 1118 τὴν

70 1132 187 1217 ἡμέραν
210 1135 323 1216 φέρειν.
366 1132 461 1194 Porro
489 1130 592 1210 Sibyll.
615 1131 654 1204 V,
682 1128 747 1190 238
770 1147 830 1210 cqc
857 1117 912 1190 Ἠν
933 1125 1002 1194 ποτ’
1025 1133 1057 1196 ἐν
1078 1130 1205 1216 ἀνθρώ.

71 1257 144 1308 ποις
170 1231 313 1316 λαμπρὸν
343 1230 434 1306 σέλας
467 1229 582 1314 τ’,ολίοιο
613 1233 819 1316 Σποιρομέιης
844 1227 968 1304 ἀκτῖνος
995 1232 1204 1324 ὁμοσπόνδοιο

73 1337 240 1417 προφητῶν
259 1379 268 1396 .
284 1379 318 1396 ..
345 1338 478 1398 Φαίνετο
508 1335 560 1398 καί
584 1323 752 1416 προίβαινι
781 1331 832 1394 καί
860 1331 958 1416 ἡμέρα
981 1339 1076 1400 πᾶσιν
1092 1338 1202 1406 ἔτελλε.

73 1424 189 1498 Lunam
213 1437 248 1498 ad
272 1437 368 1515 legem
391 1436 485 1498 relert
512 1437 617 1498 hretas
649 1434 684 1496 ad
707 1435 780 1507 XII,
804 1431 838 1493 l:
869 1435 1000 1498 ...καί
1019 1431 1056 1500 τὸ
1080 1439 1205 1517 νομικὸν

72 1539 140 1617 φῶς
159 1539 214 1621 τῆς
235 1539 424 1616 νοκτοηιασῦς
442 1531 583 1619 σελήνης·
613 1529 706 1629 τιιίντη
729 1530 788 1618 γὰρ
810 1533 831 1600 ὅ
848 1529 943 1614 νόμος
965 1529 1144 1603 ἀπείκασται
1165 1538 1206 1616 ὥς

76 1635 137 1702 ὑπὸ
162 1631 260 1719 σκίιτῳ
281 1639 334 1720 τῆς
355 1639 537 1719 θεοσεβείας
563 1633 617 1720 τὴν
636 1640 788 1718 περίγειον
805 1637 910 1699 πᾶσαν
931 1637 1102 1718 κατέχοντι,
1125 1627 1204 1718 ἆμα-

75 1736 155 1820 ιλρὰν
169 1735 286 1823 αἰνὴν,
303 1733 425 1822 λᾶμψιν
442 1737 518 1821 λίνω
539 1740 730 1813 θτσγνιοσίας
746 1730 957 1824 παρασχούση·
977 1734 1028 1800 καί
1041 1732 1079 1819 tle}
1099 1761 1133 1814 με
1156 1737 1207 1804 καί

73 1837 116 1912 ὥς
130 1837 332 1920 ἆλλσιοομίνη
344 1841 470 1928 κασμικῇ
486 1838 548 1928 ζωῇ
559 1833 618 1900 ὑπὸ
634 1831 703 1907 τοὺς
716 1828 818 1906 πόδας
831 1835 884 1918 τῆς
900 1833 1060 1914 ἐκκλησίας
1076 1834 1204 1924 λέλογχε.
1243 1873 1246 1878 ·

76 1941 170 2004 Cuius
187 1949 284 2002 manen
298 1940 429 2003 rationes
445 1938 492 1999 hic
507 1956 566 1998 non
590 1937 784 2002 defenderim,
814 1953 850 2018 ψ.
871 1935 947 2010 CIV,
974 1935 1030 1997 ta:
1053 1949 1111 2002 aaa*
1132 1952 1206 2006 rator

74 2039 220 2108 arrraub.
241 2042 419 2115 Sir·.XLlll,
435 2040 470 2104 7:
493 2036 557 2106 σἰπὸ
571 2036 696 2123 σελήνης
710 2047 835 2123 σημεῖον
847 2040 953 2120 ἑορτῆς
968 2059 1010 2102 sc.
1027 2045 1082 2105 τοῦ
1093 2039 1205 2126 πάσχα.

76 2146 160 2220 Quae
182 2144 329 2206 sollennia
357 2162 425 2206 curn
459 2142 569 2205 luerint
591 2143 688 2222 prima
711 2160 784 2222 quae
813 2159 868 2218 per
897 2141 966 2203 anni
986 2161 1106 2206 cursum
1126 2145 1205 2208 cele·

75 2249 256 2323 brabantur,
282 2249 318 2310 ad
348 2267 423 2329 quae
454 2248 545 2326 igitur
572 2246 664 2308 ceteri
694 2246 758 2306 dios
789 2245 858 2306 lasti
885 2245 1063 2324 putabantur
1090 2267 1205 2324 amnes,

47 2350 230 2429 ·aptissirae
258 2351 348 2412 totius
373 2348 564 2412 oeconomiae
582 2347 684 2425 legalis
707 2347 877 2426 symbolum
899 2348 968 2409 luna
990 2369 1056 2412 esee
1077 2351 1205 2414 ridetur.

74 2451 211 2535 (Virlasis
232 2451 320 2514 etiam
343 2451 504 2514 thsaltha
526 2450 617 2512 aucha
640 2452 678 2525 ΙΙ,
699 2449 728 2511 7.
753 2449 835 2528 Ugol.
854 2450 930 2514 thes.
947 2451 1049 2514 XVIII.
1073 2473 1102 2533 p.
1117 2453 1204 2536 379).

76 2557 172 2618 Porro
197 2553 342 2616 observes
364 2554 393 2614 ia
416 2553 538 2616 caelesti
554 2551 740 2614 Jerusalemo
764 2568 818 2612 nec
840 2549 934 2612 solem
956 2569 1012 2614 uec
1034 2553 1134 2618 lunam
1155 2557 1207 2616 aol-

78 2676 147 2720 esse
175 2657 258 2728 XXl,
281 2655 338 2716 23:
367 2655 541 2736 prophetiae
572 2655 650 2722 enim
680 2671 785 2714 curares
817 2651 904 2713 etiam
934 2663 1107 2718 evenerunt.
1152 2655 1207 2718 lVi-

80 2762 192 2841 grescit
214 2780 285 2824 vero
308 2762 352 2824 sol
373 2761 402 2822 h.
425 2777 452 2823 e.
474 2758 613 2838 lugubria
643 2757 872 2836 prophetantur,
902 2755 971 2817 luna
1002 2775 1072 2819 vero
1099 2777 1207 2824 cruore

79 2873 179 2928 manat
200 2864 268 2944 quia
292 2863 405 2924 cladem
428 2859 535 2938 accipit
563 2858 737 2919 oeconomIa
767 2854 851 2933 legis.
897 2855 1005 2920 Stellae
1034 2858 1108 2920 caeli
1139 2868 1209 2924 sunt

79 2965 195 3026 ludaei.
231 2965 324 3026 halaa
341 2961 498 3026 multitudo
514 2958 712 3020 lsraelltarum
734 2955 944 3016 Innumerabili
964 2957 1115 3020 stellarum
1130 2963 1208 3023 mul-

79 3065 198 3128 titudini
227 3066 452 3144 comparabatur
478 3064 553 3125 Gen.
575 3061 635 3133 XV,
662 3057 692 3122 5.
719 3058 817 3130 XXII,
843 3055 892 3118 17.
925 3057 1030 3132 XXVI,
1054 3057 1084 3121 4.
1114 3060 1207 3124 Exod.

77 3167 200 3240 XXXII,
230 3166 276 3228 ta.
299 3168 459 3230 Deuteron.
478 3165 613 3237 XXVIII,
637 3161 689 3224 62.
733 3161 841 3223 Postea
870 3160 900 3222 in
930 3161 1030 3240 liugua
1051 3163 1209 3242 allegorica

78 3267 231 3331 israelitae
255 3266 358 3328 stellae
384 3266 580 3345 appellantur
598 3264 670 3326 Dan.
692 3261 769 3336 Vlll,
796 3260 844 3322 10.
873 3261 911 3322 cl.
933 3261 1003 3331 Xll,
1027 3263 1046 3324 3
1074 3264 1124 3328 uhi
1148 3285 1208 3330 nou

79 3369 117 3432 oe
139 3368 213 3430 eolis
234 3368 406 3430 doctoribus
423 3367 555 3430 Iudaicis
576 3366 673 3444 agitur
689 3363 743 3425 aed
767 3362 803 3422 de
819 3360 929 3440 populo
944 3364 1038 3425 Israel
1061 3366 1111 3446 qui
1134 3385 1209 3447 gea·

79 3481 127 3534 tea
149 3471 186 3534 ad
210 3469 351 3532 iustitiam
374 3469 465 3532 clucit.
511 3469 605 3530 Porro
628 3461 762 3526 Henoch.
785 3461 888 3522 XLIII.
910 3462 1063 3534 xtra-7.
1087 3465 1156 3540 CIV,
1177 3466 1208 3532 2.

81 3594 130 3656 ap.
152 3572 310 3636 Dillmann.
356 3573 454 3645 Quare
470 3568 597 3630 hlessiaa
612 3585 648 3628 ea
664 3563 774 3627 lsraele
789 3570 930 3624 venturus
945 3561 1029 3623 stella
1043 3561 1097 3624 Nu.
1111 3565 1210 3644 XXlV,

84 3675 134 3740 17.
177 3676 301 3736 hrotas:
323 3670 358 3738 τὸ
374 3670 525 3738 Victoria
542 3664 614 3742 τοὺς
624 3664 754 3751 ἀστέρας
778 3663 857 3742 [add.
873 3665 1011 3728 aarum:
1035 3660 1147 3741 καθολς
1160 3665 1211 3732 καί

79 3772 141 3860 ἤδη
161 3773 227 3855 περί
249 3775 310 3838 τοῖν
331 3770 390 3838 ὑπὸ
408 3769 563 3860 Ἀντιόχου
584 3769 787 3852 πατηθέντων
809 3767 864 3842 (ila
879 3766 1018 3844 emortua)
1040 3768 1211 3846 γέγραπται

81 3881 169 3960 (Dan.
191 3877 273 3950 VIII,
300 3872 366 3953 10)]
387 3871 424 3942 τί
447 3873 497 3938 καί
517 3863 1039 3950 τοίςίλσκοίιντσςοῖναιφωστῆρας
1057 3869 1089 3930 ἐν
1108 3863 1211 3952 κόσμῳ

72 3978 174 4058 ’[ΡΙιίΙ.
193 3980 237 4052 11,
264 3973 314 4056 15]
338 3981 458 4040 ariarecti
477 3971 519 4049 ὦς
541 3981 604 4046 τοῖς
635 3971 807 4049 γινομένοις
834 3961 1033 4042 ὀκλάζοντας·
1062 3964 1102 4040 ὥς
1124 3967 1211 4036 καὶὸ

81 4077 185 4170 κίριίς
206 4107 282 4166 φησι
303 4079 503 4164 πλανηθῆναι
524 4079 552 4142 εί
571 4069 703 4140 δυνατὸν
722 4069 774 4140 καί
794 4067 865 4146 τοὺς
886 4065 1042 4144 ἐκλεκτοὺς
1061 4072 1102 4151 τῷ
1117 4067 1211 4152 ὑπορ-

80 4191 208 4254 τιίνοντι
222 4188 401 4266 νικωμένους
412 4184 467 4259 τῆς
483 4177 636 4264 θλίψεως.
680 4176 774 4240 Clem.
791 4171 963 4291 hcm.'XX,
984 4169 1019 4232 9:
1043 4174 1077 4235 ai
1098 4169 1134 4236 δὲ
1150 4176 1212 4244 τῶν

82 4284 262 4369 ἀνθρώπων
284 4283 382 4370 ψυχαί
399 4277 498 4366 φατὸς
518 4280 662 4362 καθαροῦ
684 4271 829 4353 σταγόνες
850 4297 953 4338 οοσαι.
997 4275 1059 4334 Ιοιπ
1081 4291 1153 4334 vero
1175 4293 1212 4338 ex

81 4392 166 4456 caelo
187 4388 329 4452 decidunt
351 4389 382 4446 in
404 4394 513 4447 terram
536 4382 566 4450 h.
589 4399 615 4444 c.
636 4397 672 4442 ex
695 4395 764 4440 vera
787 4375 915 4438 ecclesia
930 4391 1005 4452 quae
1019 4382 1087 4452 post
1101 4373 1212 4438 ChrIsti

1055 4473 1122 4533 3..
