2900 5054
797 384 851 487 aa

262 587 319 636 nec
342 571 378 634 de
398 567 492 632 stellis
522 561 700 628 cadentibus
729 578 829 623 sermo
847 558 889 618 tit.
942 555 1130 617 helectiones
1159 567 1230 611 vero
1258 547 1331 610 salis
1362 553 1390 607 et
1441 537 1442 540 '

262 677 348 740 lunae
370 672 425 736 snb
448 669 572 733 Claudio
596 667 689 728 laetae
712 664 790 747 nihil
809 662 844 724 ad
874 675 938 721 rem
963 657 1091 727 tactum,
1121 653 1218 731 agitur
1244 651 1323 712 enlm
1355 648 1389 706 de

259 789 392 857 tempore
415 771 553 834 Neronis.
599 767 641 830 hd
665 766 816 847 posterius
839 769 941 824 contra
965 753 1210 836 tampns'attinet
1232 751 1319 812 lunae
1338 748 1389 808 de-

260 880 350 942 lectio
374 895 449 958 quae
472 892 549 936 anno
572 871 649 932 letali
671 867 781 930 Vitellii
803 865 874 941 (69)
896 862 1005 925 accidit
1033 861 1083 939 (ex
1106 877 1164 938 qua
1185 865 1281 918 nmen
1302 860 1390 914 notes

260 981 360 1042 lunam
375 986 446 1039 tunc
469 967 631 1053 αἱματώδη
654 989 772 1052 quoque
788 968 881 1028 tuisse
896 963 1062 1027 secundum
1078 961 1202 1022 Dionem
1223 955 1305 1027 LXV,
1325 952 1390 1032 ll).

259 1081 355 1145 Porro
385 1077 524 1142 licentius
560 1073 719 1135 confictum
758 1089 826 1132 esse
854 1069 991 1129 rideatur
1025 1063 1103 1144 quod
1136 1062 1204 1123 luna
1234 1059 1390 1118 humarum

262 1184 373 1248 Christi
396 1191 529 1242 naturam
551 1175 708 1254 significet.
752 1175 821 1235 Iure
851 1182 948 1232 tamen
973 1167 1094 1228 Alcasar
1117 1159 1392 1240 interpretationem

262 1285 452 1366 allegoricam
482 1287 604 1343 secutus
632 1285 687 1340 est.
733 1277 769 1338 nt
798 1292 868 1336 vero
897 1287 994 1350 neque
1026 1263 1194 1328 Innocentli
1222 1263 1299 1323 dieto
1333 1258 1391 1328 illa,

264 1390 358 1452 solem
383 1403 450 1448 csse
472 1380 681 1452 hierarchiam,
704 1379 803 1440 lunam
826 1373 984 1454 imparium
1008 1371 1200 1440 mundanum,
1225 1365 1267 1426 nti
1281 1379 1392 1443 possu-

182 1515 184 1520 ·
263 1507 330 1552 mus
356 1486 494 1548 adhunc
520 1483 619 1560 locum,
648 1480 872 1559 explicandum
903 1493 959 1536 noc
985 1471 1133 1553 probandi
1164 1476 1235 1532 sunt
1256 1468 1307 1546 qui
1341 1464 1393 1526 snb

265 1590 330 1652 sole
346 1583 508 1666 politicam,
533 1582 589 1643 snb
613 1582 681 1642 luna
701 1578 932 1642 ecclesiasticam
948 1574 1152 1637 oeconomiam
1174 1571 1394 1632 intellexerunt.

264 1691 381 1754 Etenim
404 1695 506 1749 contra
529 1685 692 1748 secundam
708 1681 887 1744 sententiam
906 1677 1064 1740 dicendum
1089 1683 1152 1748 est,
1177 1673 1296 1734 omnino
1314 1687 1394 1730 rem-

264 1795 413 1876 publicam
436 1809 495 1852 nnn
519 1809 587 1851 esse
609 1788 708 1849 lumen
732 1787 826 1848 mains
850 1783 961 1844 lumine
985 1773 1396 1852 ecclesiae31enendnmest

265 1895 380 1958 scilicet
402 1893 495 1954 solem
518 1907 584 1952 esse
607 1889 707 1951 lumen
731 1905 888 1966 magnum,
913 1884 1016 1946 lunam·
1039 1881 1139 1942 lumen
1161 1893 1283 1957 parvom
1303 1873 1395 1957 (Gen.

266 1994 312 2080 1).
357 1997 388 2057 si
410 2013 482 2056 reno
507 1993 536 2054 in
559 1992 689 2072 priorem
721 1989 801 2050 illam
832 1985 1011 2049 sententiam
1039 1981 1107 2043 licet
1129 1997 1182 2058 per
1204 1997 1236 2038 se
1260 1975 1397 2053 ingenio-

263 2121 329 2164 ·sam
353 2101 383 2162 h.
408 2098 577 2170 biremes,
608 2113 644 2156 ex
673 2093 729 2155 alia
756 2090 882 2171 quadam
904 2095 994 2168 parte
1009 2084 1233 2162 neglegercmns
1256 2075 1398 2138 artificio·

266 2223 330 2267 sam
353 2201 512 2279 allegoriae
537 2197 773 2260 commissuram.
819 2192 893 2252 Sunt
918 2189 997 2250 enim
1021 2196 1049 2246 et
1063 2183 1107 2245 sol
1126 2192 1155 2243 et
1177 2182 1247 2242 luna
1266 2179 1295 2240 in
1315 2177 1402 2238 caelo

270 2304 372 2384 positi.
418 2301 538 2363 Caelum
568 2318 639 2360 vero
671 2307 716 2358 est
748 2293 892 2367 ecclesia,
922 2291 1051 2371 primum
1076 2279 1192 2347 'veteris
1218 2280 1398 2350 tastamenti,

271 2406 340 2468 dein
362 2413 431 2484 past
451 2402 602 2465 Christum
624 2401 710 2461 navi:
735 2405 797 2460 erat
820 2397 900 2458 enim
924 2393 1091 2457 Christiana
1114 2389 1241 2450 ecelesia
1257 2385 1399 2446 iudaicae

268 2528 340 2571 rara
364 2507 485 2587 solaque
508 2503 700 2567 continuatio.
746 2503 818 2564 Cum
843 2500 980 2562 Christus
1001 2496 1130 2567 reniret,
1155 2511 1215 2554 non
1238 2489 1400 2571 appropin-

271 2609 370 2690 quavit
389 2607 535 2669 caelum
559 2637 599 2651 ·—
623 2605 654 2664 in
677 2622 713 2664 eo
736 2603 815 2663 enim
836 2601 879 2679 pii
895 2599 1048 2661 Israelitae
1061 2597 1120 2658 lam
1133 2595 1271 2657 vixerunt
1286 2627 1330 2640 —-
1350 2591 1399 2652 sed

270 2709 418 2770 caelorum
434 2721 586 2782 regnum
606 2721 696 2782 regna
713 2711 811 2763 cetera
828 2701 927 2762 omnia
942 2703 1174 2762 destructurum.
1206 2699 1299 2758 Antea
1322 2697 1400 2756 enlm

265 2817 409 2891 ¹quattuor
429 2805 542 2868 bestiae
565 2802 732 2866 Danielicae
757 2803 860 2866 orbem
882 2812 1095 2883 regnaverant,
1119 2803 1177 2864 iam
1203 2807 1271 2861 aeus
1295 2805 1401 2860 casti

270 2915 404 2991 fundauit
419 2927 572 2984 repuens
589 2912 664 2984 quod
677 2911 709 2967 in
725 2919 870 2967 aeternum
892 2927 948 2967 non
963 2911 1154 2983 dissipabitur
1168 2916 1195 2965 et
1209 2923 1328 2980 repnum
1343 2908 1401 2963 eius

273 3019 360 3076 alteri
370 3015 478 3090 populo
499 3031 556 3070 nan
578 3015 724 3070 tradetur.-
748 3015 913 3073 conminuet
934 3019 1029 3069 autem
1051 3018 1077 3067 et
1101 3017 1243 3067 consumet
1264 3010 1403 3066 uniuersa

271 3135 361 3192 repna
387 3118 458 3174 baec
487 3122 513 3171 et
541 3116 635 3187 ipsum
660 3115 747 3171 stabit
776 3115 808 3170 tn
838 3123 993 3174 aeternnm.
1037 3109 1110 3172 Dan.
1133 3107 1176 3184 ll,
1196 3107 1247 3170 44.
1271 3107 1320 3170 llt.
1344 3109 1402 3180 vn,

272 3215 324 3279 la.
349 3215 398 3277 lc.
424 3214 503 3275 filius
525 3213 654 3275 hominis
685 3213 794 3293 accipit
818 3213 875 3276 hoc
906 3232 1032 3292 regnum
1063 3210 1303 3292 inexpugnabile.
1351 3212 1403 3273 Hie

273 3327 320 3381 est
341 3314 360 3382 ὁ
378 3312 444 3393 υἱὸς
466 3317 520 3378 τοῦ
538 3310 713 3406 ᾇνθρώοου
734 3315 752 3379 ὁ
774 3310 815 3377 air
837 3319 870 3378 ἐν
895 3318 940 3397 τῷ
960 3313 1092 3400 οὐρανῷ.
1137 3315 1215 3378 Hinc
1237 3315 1287 3377 illa
1310 3319 1404 3400 βασι-

272 3418 338 3482 λεία
367 3417 429 3478 τῶν
452 3410 590 3495 οὐρανῶν
614 3416 734 3494 saepius
759 3415 836 3494 apud
869 3415 1046 3478 Matthaenm
1077 3419 1211 3499 repetita.
1256 3417 1347 3479 Philo
1368 3417 1403 3490 ll,

267 3519 336 3584 ’486
358 3519 396 3580 de
410 3519 610 3598 therapeutica
633 3515 767 3599 οὐρανοῦ
788 3519 844 3598 μὲν
866 3520 917 3584 καὶ
938 3515 1055 3600 κόσμου
1071 3517 1214 3584 πολιτῶν.
1259 3517 1405 3581 Christia-

272 3641 379 3684 norum
406 3624 616 3696 municipatus,
641 3627 673 3680 nt
696 3618 819 3680 Tertull.
839 3620 904 3681 adv.
926 3619 1015 3682 Marc.
1036 3620 1097 3694 ΙΠ,
1110 3619 1161 3681 24
1182 3619 1315 3693 venitin
1340 3639 1404 3682 eae-

265 3723 310 3786 ·lis
339 3731 393 3804 est.
438 3721 513 3799 Eph.
535 3721 565 3794 l,
590 3719 625 3780 6:
656 3714 859 3784 ravennaticae
888 3724 921 3785 ἐν
947 3729 1010 3794 τοῖς
1036 3723 1237 3799 ἐπουρανίοις.
1282 3721 1405 3782 alausas

274 3823 355 3888 548:
370 3830 401 3886 in
417 3827 587 3900 apocalypsi
600 3825 780 3899 primitivam
797 3827 947 3884 ecclesiam
966 3825 1112 3898 appellari
1135 3826 1244 3882 eaelum
1258 3826 1330 3898 puio
1340 3827 1405 3899 pri-

272 3933 367 3992 maeui
380 3931 539 3989 Christiani
562 3947 610 3986 aar
624 3945 680 3984 vseua
701 3936 820 3985 mentem
841 3928 873 3983 in
893 3926 972 3983 caelo
989 3927 1130 3984 habebant
1154 3925 1284 3999 ἀοβααοι.
1333 3924 1405 3986 Cum

273 4035 443 4097 rescissus
457 4031 522 4110 ipse
543 4049 559 4091 a
583 4047 745 4108 regnasua
767 4028 872 4108 procul
888 4026 994 4089 abesse
1010 4026 1120 4088 dixerit
1140 4024 1301 4104 potentiam
1317 4043 1405 4087 mun·

275 4134 390 4205 danam,
412 4132 481 4192 'luna
498 4147 573 4210 quae
589 4136 618 4190 et
631 4129 695 4208 ipsa
716 4128 746 4188 in
763 4128 846 4189 eaelo
859 4127 888 4189 h.
904 4145 929 4188 e.
954 4126 1079 4188 ecclesia
1095 4125 1253 4188 constituta
1271 4135 1330 4196 est,
1348 4121 1405 4188 non

273 4244 372 4315 potest
386 4235 552 4312 significare
564 4250 627 4294 rem
639 4231 787 4312 publicam
801 4230 929 4291 civilem.
957 4226 1017 4290 Nos
1031 4227 1123 4307 igitur
1133 4227 1168 4288 ad
1184 4228 1282 4290 locum
1296 4227 1337 4289 de
1348 4245 1405 4308 quo

275 4335 427 4414 quaeritur
450 4333 677 4414 explicandum,
699 4330 794 4392 solem
817 4338 846 4392 et
866 4331 964 4392 lunam
988 4329 1117 4391 dicimus
1133 4347 1200 4391 esse
1222 4328 1337 4391 lumina
1355 4329 1403 4389 illa

275 4439 335 4504 duo
357 4454 461 4520 magna
483 4437 514 4498 in
535 4435 616 4500 caela
637 4433 781 4498 ecclesiae
800 4431 940 4498 Judaicae
962 4432 1078 4514 posita:
1105 4431 1203 4513 legem
1224 4439 1255 4497 et
1273 4429 1404 4512 prophe
