2900 5054
605 349 627 416 8

52 523 141 601 igilur
163 519 292 584 diuinam
323 513 353 582 iu
386 519 423 582 iis
453 539 528 600 quac
559 521 678 584 lucrant
705 537 782 601 quae
812 529 895 584 eraut
921 531 951 586 et
977 541 1052 603 quae
1073 528 1179 604 glutura

51 631 135 684 eraut
156 621 296 684 revelavit
316 620 360 695 ei,
383 631 524 702 quantum
542 622 637 684 uisum
661 633 721 696 est,
748 623 773 684 is
792 623 842 702 qui
864 623 928 702 ipse
952 625 1048 688 fuerat
1069 637 1099 688 et
1115 642 1180 694 erat

49 734 79 786 et
101 725 220 788 iuturus
243 733 308 787 erat
330 723 375 803 (Ι,
400 722 445 802 8).
490 725 592 806 Neque
609 726 689 788 aliud
712 725 784 806 quid
815 726 957 788 (locemur
985 729 1056 790 libri
1082 730 1178 794 initio.

50 831 116 902 Quo
146 827 224 888 enim
254 827 311 888 alio
338 827 426 888 modo
454 821 545 892 dtas
569 831 777 916 yere‘odocdr
806 822 889 913 τάχει
916 835 957 906 (v.
983 831 1015 907 l)
1052 845 1179 913 possunt

49 931 189 1010 explicari
211 931 269 992 uisi
293 931 332 992 ita
355 941 387 992 ut
409 951 508 995 rerum
531 927 694 994 suturarum
710 933 827 994 radices
852 934 882 996 iu
898 935 1067 1012 praeteritis
1090 957 1178 1017 prae·

49 1033 246 1112 sentibusque
266 1034 510 1116 demonstrentur
532 1033 609 1095 uude
632 1035 681 1095 illa
706 1053 764 1096 uon
786 1034 904 1114 possint
927 1054 988 1096 non
1009 1038 1136 1100 enasci?

156 1135 199 1196 lle
222 1134 333 1214 scripto
355 1154 427 1196 vero
443 1134 633 1197 bocloaunis
656 1135 715 1196 diei
739 1136 957 1216 quodammodo
978 1149 1076 1217 potest
1099 1144 1178 1222 quod

50 1239 77 1300 is
106 1239 156 1318 qui
180 1238 363 1300 comoediam
389 1238 467 1299 illam
489 1241 657 1316 composuit
681 1257 768 1319 quarn
781 1240 893 1319 posteri
915 1240 980 1302 iure
1002 1243 1108 1304 merito
1126 1263 1178 1306 vc-

47 1351 187 1406 caverunl
209 1341 355 1414 divinam,
379 1340 416 1402 de
437 1340 494 1401 hcc
516 1340 563 1402 sui
586 1339 681 1418 ipsius
704 1331 794 1419 opere
814 1340 1005 1418 praedicavit,
1045 1342 1177 1424 Namque

48 1448 88 1503 od
109 1447 279 1504 euidentiam
301 1448 398 1519 itaque
422 1442 521 1522 inquit
549 1447 731 1504 dicendorum
760 1448 904 1511 sciendum
933 1456 975 1504 ert
998 1453 1075 1524 quod
1092 1452 1178 1515 isticce
1268 1465 1270 1470 ’

48 1551 221 1622 opertanea
247 1557 289 1605 cst
316 1549 439 1621 simplem
462 1564 579 1618 censue,
610 1549 666 1604 iano
695 1548 753 1604 diei
774 1555 871 1620 potest
894 1543 1097 1626 polysemon*)
1126 1553 1179 1608 boc

50 1657 93 1704 est
111 1651 238 1720 plurium
260 1666 401 1706 sensuum.
448 1645 500 1706 Est
523 1646 601 1707 enixu
630 1645 818 1724 allegoricum
843 1647 984 1726 scriptum
1014 1649 1087 1712 haec
1107 1671 1178 1732 apo·
1279 1665 1282 1672 ’

49 1749 177 1829 eclypsis
212 1748 397 1827 (allegoriam
417 1757 514 1810 autern
545 1746 697 1830 ὁρατικοῖς
719 1745 811 1831 φίλην
832 1741 961 1830 ἀνδράσι
989 1760 1074 1812 vocat
1093 1753 1178 1814 Plrilo

47 1872 76 1930 p.
102 1847 196 1931 335),
219 1851 298 1912 uude
319 1858 441 1931 praeter
464 1849 641 1911 seutentiam
666 1867 754 1930 quam
776 1849 872 1910 littera
893 1851 1030 1929 proxime
1044 1853 1176 1932 praebet,

47 1953 135 2012 aliam
159 1950 305 2031 quandam
335 1951 423 2011 babet
444 1945 686 2030 superiorem.**)
712 1983 752 1992 -—
795 1950 974 2030 Principalis
994 1953 1085 2030 igitur
1105 1973 1177 2034 apo·

48 2054 178 2133 calypsis
201 2073 320 2133 quoque
345 2053 503 2132 explicatio
528 2065 574 2114 est
596 2053 785 2130 grammatica
808 2073 895 2134 quarn
925 2057 1059 2136 sequitur
1086 2075 1178 2134 gene-

47 2155 155 2217 raliuux
181 2155 337 2216 veritatum
359 2173 413 2233 per
442 2155 587 2232 imagines
611 2173 820 2234 expressarum
843 2166 979 2217 accurata
1001 2155 1178 2233 intellecti03

46 2276 104 2338 qua
130 2257 160 2317 in
183 2275 215 2319 re
233 2256 359 2316 maxime
381 2255 460 2316 iurat
482 2255 633 2334 respicere
656 2257 691 2316 ad
716 2255 892 2336 scripturam
917 2277 1029 2318 sacram
1045 2257 1177 2320 foederis

48 2359 170 2420 veteris.
216 2357 250 2419 ln
282 2358 459 2437 imaginibus
487 2377 558 2418 vero
584 2359 768 2436 explicandis
799 2360 942 2424 latissime
967 2363 1068 2440 vigere
1098 2363 1177 2424 arbi·

45 2461 136 2522 triurn
161 2460 238 2539 quod
264 2460 293 2520 in
316 2459 547 2537 interpretandis
569 2458 719 2520 vocabulis
739 2459 837 2522 locum
851 2461 972 2521 omnino
988 2481 1047 2522 xxou
1061 2463 1177 2536 babeat,

44 2582 201 2646 perperam
233 2573 358 2626 censent
388 2562 509 2642 plurimi
541 2559 728 2643 (sidrach.
755 2561 785 2622 V.
817 2563 870 2640 dp.
893 2562 997 2623 Wetst.
1028 2563 1063 2624 N.
1086 2565 1119 2624 T.
1146 2584 1197 2644 p„
1300 2547 1304 2566 ¹

43 2665 120 2728 228.
147 2663 235 2746 229).
286 2666 524 2746 Unumquodque
563 2664 643 2724 enirn
679 2664 852 2724 vocabulum
883 2672 912 2724 et
941 2665 1019 2726 aliud
1055 2667 1176 2748 quidem

44 2772 141 2850 magis
163 2770 220 2832 alio
244 2770 391 2851 signifieat
409 2787 503 2846 genus
537 2767 655 2848 aliquod
687 2767 772 2828 cuius
805 2787 838 2828 ea
868 2767 983 2848 speeies
1006 2789 1093 2852 quam
1115 2770 1178 2832 vult

46 2873 98 2954 qui
117 2872 264 2952 loquitur,
294 2870 470 2949 reperienda
492 2869 674 2948 relinquitur
703 2870 843 2931 audienti.
887 2865 969 2933 luter
991 2882 1062 2952 quot
1082 2875 1177 2952 signi-

45 2973 148 3034 ficatus
170 2992 197 3034 e.
220 2991 247 3050 g.
269 2971 404 3032 vocabuli
426 2964 595 3042 ὑπόστασις
618 2989 686 3028 euru
703 2971 845 3032 debemus
863 2972 975 3052 eligere
990 2993 1077 3054 quera
1100 2978 1176 3039 scri„

47 3087 118 3158 plor
137 3077 173 3137 ad
197 3075 350 3138 Hebraeos
370 3071 513 3135 voluerit!
557 3072 630 3134 ltem
654 3071 681 3133 si
704 3071 831 3152 simplex
853 3073 978 3152 symboli
1000 3077 1178 3138 vocabulum

48 3179 225 3242 enunciatur
255 3177 322 3258 quis
351 3186 397 3238 est
427 3176 517 3256 quin,
548 3193 613 3236 eum
642 3183 699 3234 tam
730 3175 787 3236 late
817 3174 889 3236 illud
918 3185 1030 3254 pateat,
1063 3178 1178 3240 nesciat

48 3300 195 3364 quaenam
219 3280 359 3359 specialis
381 3278 528 3340 sententia
552 3277 727 3340 indicetur?
762 3279 864 3340 Utrum
889 3281 1041 3344 consessio
1059 3293 1176 3346 sanotae

43 3385 113 3445 srdei
150 3401 186 3444 au
224 3399 311 3442 oaxen
343 3401 359 3441 e
392 3389 628 3442 sternutamento
663 3381 826 3442 derivatum
848 3383 907 3456 (cl.
934 3383 1063 3466 Hesycb.
1093 3386 1176 3450 Suid.

44 3509 70 3550 s.
86 3508 114 3549 v.
130 3487 218 3571 ξυμβ.
234 3494 263 3547 el
277 3483 384 3569 συμβ.)
407 3504 444 3546 axx
467 3483 546 3546 aliud
571 3483 641 3561 quid
658 3501 694 3542 ex
717 3483 982 3560 significationibus
999 3505 1085 3565 quarn
1108 3489 1176 3565 plu·

44 3675 91 3722 boc
109 3673 163 3722 loco
182 3669 217 3732 ll,
236 3672 261 3720 1.
280 3683 375 3732 quoque
401 3681 448 3717 uon
472 3665 580 3716 estuari
603 3664 682 3714 simile
701 3663 730 3713 de
756 3663 842 3713 tuturis
863 3671 950 3714 tautum
972 3666 1019 3728 agi.
1055 3665 1174 3718 Praeterea

44 3758 98 3808 sina
116 3753 195 3806 verbis
214 3753 263 3804 illis
282 3767 385 3818 sequeus
404 3750 521 3804 sententia
540 3750 612 3800 nimis
629 3750 727 3813 abrupte
747 3749 868 3813 inciperet.

147 3839 172 3904 *l
192 3839 226 3889 lla
245 3841 344 3904 probam
364 3839 505 3902 scripturam
524 3837 589 3888 illius
609 3836 654 3886 loci
674 3835 744 3898 epist.
766 3836 795 3884 ad
817 3835 903 3886 danem
918 3837 1033 3888 Grandem
1053 3855 1074 3888 c.
1094 3841 1116 3890 l.
1136 3855 1175 3890 re·

45 3925 156 3975 stituissa
175 3925 245 3973 uobis
263 3924 378 3972 videmur.
414 3922 494 3984 Neque
513 3921 576 3972 euim
595 3920 684 3970 suldcit
698 3921 856 3984 polysemon
875 3921 938 3988 quod
955 3937 999 3986 pro
1016 3924 1108 3984 vulgato
1128 3924 1175 3975 isto

45 4009 251 4074 polysensuum
268 4007 395 4057 admodum
419 4006 520 4054 barbaro
545 4003 630 4054 melius
658 4003 787 4053 secuudum
812 4005 864 4054 cod.
887 4006 946 4056 bled.
975 4021 1049 4070 nrrper
1067 4009 1176 4071 reposuit

43 4093 146 4142 locrius
171 4091 195 4140 in
215 4091 271 4141 edit.
308 4090 362 4140 llou
380 4103 482 4142 sensus
501 4097 554 4154 apta
572 4089 691 4139 diceretur
712 4090 871 4153 polysemos
890 4091 915 4140 b.
935 4105 957 4143 e.
974 4093 1105 4157 plurium
1121 4107 1175 4144 nu-

43 4189 131 4232 ruum
149 4177 191 4228 sed
210 4191 283 4240 opus
301 4177 361 4228 dict
385 4177 482 4241 potest
499 4173 671 4242 πσλὺσημον.
709 4175 789 4238 ltaque
812 4192 885 4239 genus
910 4187 1018 4230 ueratrum
1042 4186 1105 4230 recte
1123 4189 1174 4232 tue-

43 4263 117 4314 batur
135 4261 253 4323 scriptura
270 4259 374 4322 vulgaris
393 4275 454 4323 quac
471 4259 591 4323 ceteroqui
610 4258 738 4310 retiolauda
756 4265 802 4313 cst.

151 4343 195 4414 “)
213 4347 324 4398 vocabuli
348 4343 515 4414 ἀλληγορίας
538 4353 626 4396 rectam
651 4345 831 4409 explicationem
857 4361 878 4399 v.
899 4363 936 4412 ap.
956 4348 1036 4402 tt'eur.
1056 4351 1085 4403 ll.
1104 4352 1131 4404 T.
1150 4367 1174 4415 p.

43 4435 105 4486 229.
122 4431 153 4483 oi.
174 4430 247 4482 Rioolx
264 4429 317 4482 llel.
335 4429 377 4482 dar
396 4428 509 4481 llolloueu
527 4429 546 4479 l.
565 4441 589 4492 p.
607 4428 645 4480 lll.
665 4436 689 4480 ct
707 4431 731 4481 6.

1019 4519 1060 4580 1.
